2085 3215
159 111 231 162 42
701 107 945 152 CLAVDH
977 107 1310 152 CLAvaNs

159 246 234 299 Et
276 248 499 297 contusa
540 262 704 314 genas
744 243 932 295 mediis
972 244 1191 312 adparet
1230 245 1288 296 in
1327 244 1488 296 astris
1769 261 1853 300 135

158 319 366 372 Africa:
406 318 662 370 rescissae
702 322 878 369 vestes
919 322 972 370 et
1013 318 1189 386 spicea
1228 319 1431 387 passim

162 393 315 446 Serta
355 393 551 462 iacent3
591 393 767 443 lacero
809 391 1033 444 crinales
1073 392 1270 444 vertice
1311 393 1495 444 dentes

158 467 233 519 Et
273 467 504 519 fractum
543 466 808 535 pendebat
848 466 995 536 ebur,
1033 467 1237 535 talique
1278 467 1536 535 superbas

158 540 371 610 Inrupit
412 541 643 593 clamore
683 541 847 593 fores:

928 613 1095 676 ‘Quid
1133 633 1326 685 magne
1365 615 1593 667 moraris

157 688 401 758 Iuppiter
442 688 629 741 avulso
668 707 811 741 nexu
848 688 1135 759 pelagique
1176 689 1370 741 solutis
1771 704 1856 745 140

156 763 395 834 Legibus
434 763 634 815 iratum
672 762 889 832 populis
928 763 1199 814 inmittere
1239 763 1498 815 fratrem?

157 837 333 908 Mergi
370 838 545 906 prima
583 841 732 906 peto·
770 836 987 889 veniant
1025 841 1315 905 praerupta
1353 837 1608 906 Pachyno

156 912 425 982 Aequora,
464 911 660 963 laxatis
702 911 983 963 subsidant
1025 910 1276 979 Syrtibus
1320 912 1495 964 urbes

158 985 215 1038 Si
255 986 389 1038 mihi
431 985 713 1038 Gildonem
750 989 1023 1053 nequeunt
1064 985 1324 1036 abducere
1363 985 1491 1055 fata

157 1059 245 1112 Me
284 1078 412 1128 rape
454 1059 684 1112 Gildoni.
761 1059 993 1111 Felicior
1030 1059 1125 1111 illa
1164 1063 1412 1127 perustae
1773 1074 1856 1114 145

155 1133 289 1186 Pars
328 1134 547 1202 Libyae,
585 1133 753 1185 11111110
795 1152 929 1201 quae
971 1152 1026 1185 se
1065 1134 1273 1185 munita
1314 1134 1488 1186 calore

155 1208 411 1260 Defendit
449 1207 695 1275 tantique
734 1212 889 1259 vacat
930 1226 1115 1259 secura
1154 1208 1385 1275 tyranni.

159 1281 375 1334 Crescat
415 1300 548 1333 zona
587 1281 808 1349 rubens3
847 1281 1053 1333 medius
1092 1282 1374 1352 flagrantis
1416 1281 1633 1351 Olympi

158 1355 245 1408 Me
287 1375 499 1424 quoque
539 1356 693 1407 limes
735 1359 883 1426 agat3
922 1355 1115 1407 melius
1156 1356 1364 1408 deserta
1402 1356 1586 1409 iacebo

156 1430 207 1481 V
213 1430 406 1482 omeiis
446 1430 746 1498 impatiens
823 1429 1004 1481 Pulsis
1046 1430 1389 1482 dominentur
1428 1430 1609 1483 aristis
1771 1445 1856 1484 150

155 1504 419 1573 Dipsades
460 1508 511 1556 et
553 1504 740 1556 sitiens
781 1504 997 1556 attollat
1037 1504 1229 1575 glaeba
1270 1509 1518 1558 cerastas

158 1578 297 1640 Quid
335 1597 419 1630 me
458 1578 743 1646 temperies
783 1578 956 1630 iuvit?
1021 1578 1149 1646 quid
1186 1578 1307 1630 miti
1312 1597 1372 1631 or
1411 1580 1630 1632 aether?

157 1652 374 1704 Gildoni
414 1653 640 1704 fecunda
679 1652 771 1704 fui.
848 1651 964 1704 Iam
1004 1652 1134 1704 solis
1174 1652 1414 1705 habenae

155 1726 250 1778 Bis
293 1745 446 1778 senas
485 1731 742 1794 torquent
780 1726 997 1795 hiemeS‚
1039 1726 1334 1778 cervicibus
1374 1745 1437 1779 ex
1479 1746 1585 1795 quo

154 1799 355 1852 Haeret
394 1801 550 1852 triste
589 1800 790 1871 iugum.
867 1799 1087 1853 Nostris
1127 1800 1236 1852 iam
1274 1800 1511 1853 luctibus
1551 1802 1643 1853 ille
1771 1816 1854 1856 155

158 1874 452 1926 Consenuit
491 1892 823 1945 regnumque
865 1874 968 1926 sibi
1007 1878 1091 1926 tot
1130 1874 1366 1927 vindicat
1407 1894 1589 1927 annos,

154 1947 335 2016 Atque
376 1949 583 2000 utinam
622 1950 870 2019 regnum!
932 1948 1153 2000 Privato
1193 1948 1308 2000 iure
1347 1953 1594 2001 tenemur

154 2021 356 2092 Exigui
397 2023 570 2091 specie
610 2023 774 2074 fundi.
856 2021 1010 2084 Quod
1046 2021 1208 2075 Nilus
1250 2027 1301 2074 et
1340 2022 1499 2075 Atlas

155 2095 410 2166 Dissidet,
452 2097 686 2149 occiduis
729 2097 872 2164 quod
913 2095 1153 2148 Gadibus
1194 2097 1340 2148 arida
1380 2097 1547 2149 Barce

156 2169 414 2239 Quodque
452 2170 775 2223 Paraetonio
817 2170 1015 2222 secedit
1054 2171 1212 2222 litore
1253 2171 1427 2242 Tingi,
1770 2187 1853 2227 160

152 2243 273 2296 Ηο0
314 2245 417 2296 sibi
455 2245 798 2313 transcripsit
837 2245 1128 2313 proprium.
1205 2245 1339 2297 Pars
1378 2245 1539 2297 tertia
1577 2245 1764 2297 mundi

153 2317 328 2370 Vnius
368 2319 653 2388 praedonis
695 2337 834 2389 ager.

924 2392 1296 2445 tDistantibus
1334 2393 1476 2444 idem

153 2463 302 2517 Inter
343 2485 398 2518 se
436 2467 584 2519 vitiis
626 2467 853 2519 cinctus:
896 2467 1268 2549 quodcumque
1307 2466 1574 2535 profunda

154 2538 341 2591 Traxit
382 2541 620 2612 avaritia,
659 2541 791 2593 luxu
829 2540 1011 2609 peiore
1049 2541 1300 2593 refundit.

154 2611 330 2666 Instat
369 2615 628 2667 terribilis
667 2615 820 2684 vivis,
858 2614 1215 2667 morientibus
1255 2615 1425 2686 hereS,
1766 2631 1849 2671 165

153 2686 473 2757 Virginibus
512 2693 713 2758 raptor
752 2658 1006 2741 thalamis
1048 2688 1343 2742 obscaenus
1384 2689 1606 2742 adulter.

152 2759 321 2813 Nulla
362 2763 532 2830 quies:
575 2764 746 2815 oritui
783 2763 979 2831 praeda
1020 2767 1259 2815 cessante
1299 2763 1484 2832 libido⁷

279 2928 361 2968 160
395 2923 552 2981 Tingi]
588 2925 799 2980 pinguisg
832 2937 1025 2981 ganges.
