2029 3230
87 231 175 270 235

89 348 175 387 303

88 524 176 564 337

91 994 178 1034 340

91 1290 175 1329 351

534 91 1006 136 ADNOTATIONES
1039 90 1330 136 CRITICAE.
1635 91 1785 135 XXIX

207 226 405 284 viderat]
449 223 616 281 optimi
656 225 803 267 testes
837 224 942 279 VC,
989 238 1186 279 quorum
1226 223 1557 268 auctoritatem
1597 237 1677 266 cur
1716 237 1785 267 re·

208 284 441 341 pellamus
474 297 567 327 non
598 282 749 327 videO.
1801 301 1804 303 Δ

209 345 328 388 torvi
361 343 582 399 lacrimis]
624 341 740 384 duce
781 341 813 385 C
858 341 1143 396 transposui,
1193 341 1301 396 quia
1347 343 1476 385 amat
1522 342 1665 397 poeta
1705 341 1785 384 ad-

208 401 433 445 iectivum
464 401 709 444 conlocare
742 402 851 443 ante
892 399 1315 455 penthemimeren,
1358 400 1396 443 si
1438 399 1785 443 substantivum

209 460 260 504 in
291 461 381 504 fine
413 461 623 516 positum
654 461 739 502 est.

211 520 336 575 quod
359 519 426 562 Bi.
454 519 722 562 Munditiae
746 516 1121 572 interpungendo
1149 517 1398 572 separavit,
1425 517 1578 560 minus
1605 517 1783 573 placet3

211 592 298 634 ego
345 592 503 621 rursus
552 575 770 621 coniunxi
816 577 1084 632 minimeque
1130 577 1284 619 viriles
1329 578 1596 620 munditiae.
1663 576 1784 618 hanc

209 651 373 681 vocem
406 638 563 680 autem
589 635 646 678 de
673 634 963 679 orationis
987 633 1221 677 munditia
1247 635 1343 677 sive
1369 637 1615 677 venustate
1644 634 1786 678 inter-

207 699 380 753 pretor,
406 695 531 750 quod
548 693 627 738 vix
645 707 760 750 opus
780 695 852 736 est
876 693 1101 749 exemplis
1128 693 1465 737 commendare.
1514 692 1580 735 sic
1595 693 1788 736 tandem

210 756 478 807 excusatur,
524 753 647 808 quod
680 753 803 796 inter
843 752 1070 807 asyndeta
1110 751 1255 795 semel
1293 751 1562 794 intermissa
1603 755 1674 795 est
1715 765 1787 795 co-

209 813 324 870 pula
355 827 437 870 que
461 812 511 854 in
534 814 817 868 minimeque,
851 825 940 866 quo
974 810 1300 854 offendebatur
1325 810 1500 853 Birtius
1532 809 1607 866 (cf.
1632 810 1788 865 praef.

209 888 254 928 p.
273 872 492 928 CCXXI>3
528 873 600 914 est
625 871 748 914 enim
772 871 1027 914 munditiae
1052 871 1252 912 alterum
1279 870 1539 913 subiectum
1565 871 1611 912 et
1635 869 1789 925 ipsum

210 945 394 987 quoque
429 931 490 974 ad
521 929 845 986 praedicatum
880 931 981 972 laus
1012 930 1216 973 maoeima
1246 928 1466 984 pertinet.

211 991 393 1047 obruat]
427 988 620 1043 Birtius,
652 989 778 1044 quod
811 988 871 1031 ad
905 1001 1092 1031 sensum
1125 987 1260 1030 unice
1293 987 1508 1042 quadrat.
1559 986 1615 1030 de
1640 985 1789 1029 varie-

209 1051 310 1093 tate
345 1049 680 1105 scripturarum
710 1048 817 1091 vide
851 1046 950 1090 eius
986 1048 1267 1102 apparatum
1299 1045 1526 1090 criticum.
1583 1047 1790 1088 ceterum

210 1107 478 1152 defenditur
510 1108 632 1162 quod
666 1105 794 1149 edidi
827 1108 969 1149 etiam
1009 1104 1220 1149 versibus
1261 1104 1398 1147 huius
1439 1104 1549 1147 libri
1581 1108 1789 1157 37—39,

210 1167 294 1210 ubi
309 1169 451 1223 poeta
469 1164 924 1221 Constantinopolim
941 1178 1025 1220 pro
1045 1163 1318 1207 criminibus
1337 1162 1554 1219 Eutropii
1566 1162 1786 1218 Neptuno

209 1225 436 1270 concedit.

213 1285 401 1343 defossi]
433 1284 567 1340 Vlcp,
603 1284 686 1326 sed
718 1297 742 1328 o
774 1283 838 1326 Vl
869 1282 919 1325 in
950 1282 1108 1338 litura,
1147 1282 1309 1337 defessi
1335 1283 1378 1326 ς.
1436 1280 1654 1324 defossi
1686 1280 1786 1323 iure

214 1344 425 1388 defendit
456 1343 728 1399 Trumpius,
762 1355 913 1397 neque
948 1341 1070 1385 enim
1102 1348 1227 1398 terya
1260 1342 1422 1395 defessi
1463 1339 1556 1382 dici
1593 1341 1790 1395 possunt

211 1403 424 1447 homines
458 1402 544 1456 illi,
579 1402 658 1456 qui
689 1401 954 1456 principum
985 1413 1173 1444 munere
1199 1400 1470 1456 funguntur,
1505 1398 1588 1442 sed
1613 1399 1790 1441 habent

214 1476 325 1506 sane
378 1463 427 1504 in
480 1461 626 1517 tergis
684 1461 927 1504 verberum
979 1459 1186 1515 vestigia
1238 1460 1267 1503 i.
1320 1473 1356 1503 e.
1414 1458 1601 1501 defossa
1655 1460 1791 1513 terga

213 1520 498 1566 verberibus

92 1584 329 1624 397-399
377 1577 722 1636 praestantium
767 1577 977 1620 codicum
1027 1576 1110 1620 EC
1166 1576 1442 1632 scripturam
1488 1576 1686 1630 furorem
1737 1588 1790 1618 eo

213 1639 366 1696 magis
398 1636 737 1681 restituendam
769 1636 957 1692 putavi,
999 1650 1089 1690 quo
1129 1635 1391 1678 faciliorem
1431 1648 1532 1678 esse
1572 1633 1791 1677 videbam

213 1711 416 1742 errorem
446 1696 734 1751 reliquorum
764 1711 808 1739 m
838 1695 979 1738 finale
1012 1694 1348 1739 omittentium.
1403 1694 1526 1737 unde
1567 1692 1682 1748 quid
1721 1694 1791 1736 lu-

213 1772 415 1810 cremur,
455 1756 506 1799 in
536 1754 786 1812 propatulo
821 1757 911 1807 est;
953 1756 1056 1798 tota
1089 1753 1212 1797 enim
1243 1754 1409 1796 harum
1451 1751 1791 1795 sententiarum

213 1815 489 1872 compositio
517 1814 786 1858 concinnior
808 1813 939 1857 facta
963 1815 1047 1867 est,
1073 1812 1155 1855 ubi
1181 1811 1474 1856 accusativos
1504 1812 1545 1855 T
1543 1813 1791 1868 arbiyilum

214 1878 262 1920 et
297 1876 592 1932 Gruthungos
632 1887 846 1930 separare
885 1873 980 1915 iam
1022 1886 1117 1915 non
1155 1872 1382 1916 iubemur.
1446 1870 1607 1926 itaque
1647 1870 1790 1913 inter-

211 1933 515 1991 punctionem
545 1933 738 1976 mutavi.
793 1945 930 1988 porro
963 1933 1177 1976 timidum
1217 1944 1273 1974 ex
1305 1929 1511 1974 omnium
1549 1931 1646 1973 fere
1687 1943 1790 1972 con-

215 2007 353 2037 sensu
391 1991 597 2049 praetuli
630 1991 804 2047 quippe
849 1990 972 2046 quod
1014 1989 1294 2034 attributum
1335 1988 1632 2045 aptissimam
1669 1988 1789 2031 rela-

213 2055 391 2096 tionem
421 2051 597 2094 habeat
629 2051 689 2093 ad
721 2063 820 2094 oves
852 2062 971 2104 quae
1012 2051 1289 2104 sequuntur,
1331 2050 1379 2091 et
1420 2047 1595 2103 optime
1628 2046 1678 2089 in
1711 2060 1789 2090 ore

214 2111 397 2165 Leonis,
429 2110 596 2153 militis
630 2108 839 2165 gloriosi,
872 2109 1060 2153 timidus
1093 2107 1226 2150 audit
1258 2105 1567 2150 adversarius.

96 2175 181 2215 471
209 2170 466 2228 puppibus]
499 2170 695 2226 spectari
726 2183 747 2212 e
773 2169 1011 2224 puppibus
1034 2166 1077 2209 V
1102 2165 1408 2221 similiterque
1433 2167 1486 2208 ut
1508 2165 1696 2207 videtur
1719 2163 1791 2219 Pl,

99 2588 184 2628 489

216 2229 341 2284 quod
374 2229 595 2285 displicet
624 2229 818 2283 propter
850 2226 1016 2270 elisam
1040 2228 1058 2269 i
1082 2225 1307 2269 vocalem.
1362 2223 1617 2267 infeliciter
1649 2222 1790 2266 etiam

214 2288 435 2332 Heinsius
467 2302 489 2332 e
519 2288 713 2344 rupibus
744 2285 966 2338 coniecit;
997 2299 1108 2328 nam
1138 2288 1309 2328 nautas
1343 2297 1457 2338 esse,
1492 2282 1572 2337 qui
1602 2283 1794 2325 nuntios

216 2347 273 2391 de
304 2347 533 2391 incendiis
567 2345 797 2399 adferant,
830 2344 1031 2387 maxime
1066 2343 1321 2399 conligitur
1354 2357 1410 2386 ex
1436 2358 1476 2385 v.
1505 2346 1605 2397 473,
1638 2340 1721 2384 ubi
1744 2340 1790 2384 in

215 2406 384 2463 pelago
415 2405 583 2449 favilla
613 2405 730 2449 velis
774 2404 1020 2448 inhaerens
1062 2403 1348 2447 observatur.
1406 2400 1606 2456 denique
1639 2400 1792 2444 locum

219 2466 286 2510 sic
319 2464 501 2522 explico
534 2467 587 2508 ut
612 2465 849 2521 puppibus
881 2462 944 2506 sit
976 2462 1183 2506 dativus:
1217 2474 1396 2517 puppes
1429 2460 1561 2516 ipsae
1585 2459 1636 2503 in
1659 2459 1793 2502 navi-

217 2525 374 2581 gando
409 2525 626 2580 spectant
656 2523 794 2566 urbes
829 2536 1061 2565 accensas.

216 2583 389 2642 rerum]
422 2583 548 2638 quod
578 2582 809 2638 praebent
840 2580 1038 2635 codices,
1071 2580 1191 2624 ferre
1223 2591 1417 2634 nequeo,
1456 2577 1567 2633 quia
1599 2579 1792 2621 eventus

217 2656 373 2686 rerum
411 2647 537 2686 certe
575 2640 804 2697 magister
841 2654 936 2683 non
976 2641 1067 2692 est3
1115 2652 1201 2681 nec
1241 2637 1281 2681 si
1322 2652 1474 2682 rerum
1514 2636 1575 2680 ad
1613 2642 1793 2682 eventus

218 2701 395 2753 trahas,
427 2701 478 2744 id
511 2701 625 2744 satis
657 2700 836 2755 placet3
876 2713 984 2742 nam
1026 2703 1207 2742 eventus
1247 2696 1461 2740 absolute
1499 2695 1682 2752 positus
1723 2698 1794 2739 est

220 2760 346 2817 apud
377 2759 562 2803 Livium
590 2759 720 2802 XXII
753 2762 830 2813 39,
858 2763 913 2801 10
953 2759 1151 2813 (eventus
1181 2757 1423 2800 stultorum
1461 2758 1543 2799 iste
1581 2757 1794 2812 mctyister

219 2822 300 2874 est)
341 2821 388 2864 et
426 2819 552 2875 apud
584 2817 802 2862 Ovidium
832 2815 1168 2860 Heroid.1185
1189 2830 1255 2870 sq.
1297 2819 1468 2866 (careat
1505 2814 1790 2867 successibus

221 2884 340 2936 opto,
372 2880 577 2935 quisquis
608 2879 664 2922 ab
689 2882 848 2922 eventu
870 2877 996 2930 facta
1020 2876 1227 2920 notanda
1244 2877 1414 2931 putat).
1468 2873 1625 2929 recepi
1649 2871 1794 2928 igitur
