<?xml version="1.0" encoding="UTF-8"?>
<!DOCTYPE html PUBLIC "-//W3C//DTD XHTML 1.0 Transitional//EN"
    "http://www.w3.org/TR/xhtml1/DTD/xhtml1-transitional.dtd">
<html xmlns="http://www.w3.org/1999/xhtml" xml:lang="en" lang="en">
 <head>
  <title>
</title>
<meta http-equiv="Content-Type" content="text/html;charset=utf-8" />
  <meta name='ocr-system' content='tesseract 3.04.00' />
  <meta name='ocr-capabilities' content='ocr_page ocr_carea ocr_par ocr_line ocrx_word'/>
</head>
<body>
  <div class='ocr_page' id='page_1' title='image "./carmina00clauuoft_0223.png"; bbox 0 0 2044 3220; ppageno 0'>
   <div class='ocr_carea' id='block_1_1' title="bbox 177 129 1880 188">
    <p class='ocr_par' dir='ltr' id='par_1_1' title="bbox 177 129 1880 188">
     <span class='ocr_line' id='line_1_1' title="bbox 177 129 1880 188; baseline 0.003 -14"><span class='ocrx_word' id='word_1_1' title='bbox 177 131 368 188; x_wconf 69' lang='lat' dir='ltr'>(XXII.)</span> <span class='ocrx_word' id='word_1_2' title='bbox 392 130 471 173; x_wconf 87' lang='lat' dir='ltr'>DE</span> <span class='ocrx_word' id='word_1_3' title='bbox 499 130 744 175; x_wconf 84' lang='lat' dir='ltr'>CONSVL.</span> <span class='ocrx_word' id='word_1_4' title='bbox 774 129 1150 176; x_wconf 83' lang='lat' dir='ltr'>STILICHONIS</span> <span class='ocrx_word' id='word_1_5' title='bbox 1175 131 1353 176; x_wconf 78' lang='lat' dir='ltr'><strong>LIBER</strong></span> <span class='ocrx_word' id='word_1_6' title='bbox 1379 133 1706 180; x_wconf 87' lang='lat' dir='ltr'>SECVNDVS.</span> <span class='ocrx_word' id='word_1_7' title='bbox 1774 136 1880 188; x_wconf 82' lang='lat'>155</span> 
     </span>
    </p>
   </div>
   <div class='ocr_carea' id='block_1_2' title="bbox 172 265 1879 2990">
    <p class='ocr_par' dir='ltr' id='par_1_2' title="bbox 185 265 1879 411">
     <span class='ocr_line' id='line_1_2' title="bbox 187 265 1879 339; baseline 0.004 -20"><span class='ocrx_word' id='word_1_8' title='bbox 187 265 401 334; x_wconf 87' lang='lat' dir='ltr'>Stupris</span> <span class='ocrx_word' id='word_1_9' title='bbox 441 265 720 336; x_wconf 67' lang='lat' dir='ltr'>advigilat,</span> <span class='ocrx_word' id='word_1_10' title='bbox 760 284 870 317; x_wconf 91' lang='lat' dir='ltr'>non</span> <span class='ocrx_word' id='word_1_11' title='bbox 909 269 1150 335; x_wconf 87' lang='lat' dir='ltr'>tempora</span> <span class='ocrx_word' id='word_1_12' title='bbox 1192 286 1411 320; x_wconf 90' lang='lat' dir='ltr'>somnus</span> <span class='ocrx_word' id='word_1_13' title='bbox 1452 270 1644 339; x_wconf 79' lang='lat' dir='ltr'>agendi</span> <span class='ocrx_word' id='word_1_14' title='bbox 1799 285 1879 325; x_wconf 84' lang='lat'>140</span> 
     </span>
     <span class='ocr_line' id='line_1_3' title="bbox 185 339 1494 411; baseline 0.002 -20"><span class='ocrx_word' id='word_1_15' title='bbox 185 339 229 391; x_wconf 86' lang='lat' dir='ltr'><strong>F</strong></span> <span class='ocrx_word' id='word_1_16' title='bbox 233 342 523 409; x_wconf 79' lang='lat' dir='ltr'>rustratur3</span> <span class='ocrx_word' id='word_1_17' title='bbox 561 339 712 391; x_wconf 92' lang='lat' dir='ltr'>nullo</span> <span class='ocrx_word' id='word_1_18' title='bbox 755 339 988 391; x_wconf 72' lang='lat' dir='ltr'>citharae</span> <span class='ocrx_word' id='word_1_19' title='bbox 1031 342 1272 394; x_wconf 76' lang='lat' dir='ltr'>convivia</span> <span class='ocrx_word' id='word_1_20' title='bbox 1314 346 1494 411; x_wconf 78' lang='lat' dir='ltr'>cantU,</span> 
     </span>
    </p>

    <p class='ocr_par' dir='ltr' id='par_1_3' title="bbox 184 412 1616 481">
     <span class='ocr_line' id='line_1_4' title="bbox 184 412 1616 481; baseline 0.003 -17"><span class='ocrx_word' id='word_1_21' title='bbox 184 413 314 465; x_wconf 90' lang='lat' dir='ltr'>Non</span> <span class='ocrx_word' id='word_1_22' title='bbox 350 414 502 481; x_wconf 90' lang='lat' dir='ltr'>pueri</span> <span class='ocrx_word' id='word_1_23' title='bbox 541 412 738 465; x_wconf 84' lang='lat' dir='ltr'>lasciva</span> <span class='ocrx_word' id='word_1_24' title='bbox 780 417 987 465; x_wconf 88' lang='lat' dir='ltr'>sonant.</span> <span class='ocrx_word' id='word_1_25' title='bbox 1053 413 1182 476; x_wconf 83' lang='lat' dir='ltr'>Quis</span> <span class='ocrx_word' id='word_1_26' title='bbox 1225 434 1435 468; x_wconf 91' lang='lat' dir='ltr'>cernere</span> <span class='ocrx_word' id='word_1_27' title='bbox 1477 418 1616 469; x_wconf 88' lang='lat' dir='ltr'>curis</span> 
     </span>
    </p>

    <p class='ocr_par' dir='ltr' id='par_1_4' title="bbox 184 486 1633 554">
     <span class='ocr_line' id='line_1_5' title="bbox 184 486 1633 554; baseline 0.002 -15"><span class='ocrx_word' id='word_1_28' title='bbox 184 487 258 539; x_wconf 91' lang='lat' dir='ltr'>Te</span> <span class='ocrx_word' id='word_1_29' title='bbox 298 505 525 539; x_wconf 81' lang='lat' dir='ltr'>vacuum</span> <span class='ocrx_word' id='word_1_30' title='bbox 561 486 778 554; x_wconf 76' lang='lat' dir='ltr'>potuit?</span> <span class='ocrx_word' id='word_1_31' title='bbox 820 487 939 554; x_wconf 91' lang='lat' dir='ltr'>quis</span> <span class='ocrx_word' id='word_1_32' title='bbox 979 490 1094 539; x_wconf 92' lang='lat' dir='ltr'>tota</span> <span class='ocrx_word' id='word_1_33' title='bbox 1135 492 1310 540; x_wconf 88' lang='lat' dir='ltr'>mente</span> <span class='ocrx_word' id='word_1_34' title='bbox 1350 490 1633 543; x_wconf 91' lang='lat' dir='ltr'>remissum</span> 
     </span>
    </p>

    <p class='ocr_par' dir='ltr' id='par_1_5' title="bbox 183 559 1535 631">
     <span class='ocr_line' id='line_1_6' title="bbox 183 559 1535 631; baseline 0.003 -19"><span class='ocrx_word' id='word_1_35' title='bbox 183 560 296 612; x_wconf 89' lang='lat' dir='ltr'>Aut</span> <span class='ocrx_word' id='word_1_36' title='bbox 336 560 703 631; x_wconf 78' lang='lat' dir='ltr'>indulgentem</span> <span class='ocrx_word' id='word_1_37' title='bbox 743 559 992 630; x_wconf 82' lang='lat' dir='ltr'>dapibus,</span> <span class='ocrx_word' id='word_1_38' title='bbox 1034 562 1091 612; x_wconf 84' lang='lat' dir='ltr'>ni</span> <span class='ocrx_word' id='word_1_39' title='bbox 1132 580 1288 613; x_wconf 89' lang='lat' dir='ltr'>causa</span> <span class='ocrx_word' id='word_1_40' title='bbox 1328 563 1535 616; x_wconf 88' lang='lat' dir='ltr'>iuberet</span> 
     </span>
    </p>

    <p class='ocr_par' dir='ltr' id='par_1_6' title="bbox 180 633 1875 777">
     <span class='ocr_line' id='line_1_7' title="bbox 181 633 1875 692; baseline 0.004 -7"><span class='ocrx_word' id='word_1_41' title='bbox 181 634 480 686; x_wconf 74' lang='lat' dir='ltr'>Laetitiae?</span> <span class='ocrx_word' id='word_1_42' title='bbox 540 633 668 686; x_wconf 91' lang='lat' dir='ltr'>Non</span> <span class='ocrx_word' id='word_1_43' title='bbox 705 634 978 686; x_wconf 79' lang='lat' dir='ltr'>indecores</span> <span class='ocrx_word' id='word_1_44' title='bbox 1019 636 1222 687; x_wconf 90' lang='lat' dir='ltr'>aeraria</span> <span class='ocrx_word' id='word_1_45' title='bbox 1261 636 1465 688; x_wconf 88' lang='lat' dir='ltr'>lassant</span> <span class='ocrx_word' id='word_1_46' title='bbox 1793 652 1875 692; x_wconf 85' lang='lat'>145</span> 
     </span>
     <span class='ocr_line' id='line_1_8' title="bbox 180 708 1522 777; baseline 0.001 -17"><span class='ocrx_word' id='word_1_47' title='bbox 180 708 485 777; x_wconf 81' lang='lat' dir='ltr'>Expensae3</span> <span class='ocrx_word' id='word_1_48' title='bbox 523 726 688 776; x_wconf 84' lang='lat' dir='ltr'>parvo</span> <span class='ocrx_word' id='word_1_49' title='bbox 727 725 839 759; x_wconf 93' lang='lat' dir='ltr'>non</span> <span class='ocrx_word' id='word_1_50' title='bbox 875 708 1121 776; x_wconf 89' lang='lat' dir='ltr'>improba</span> <span class='ocrx_word' id='word_1_51' title='bbox 1161 709 1343 761; x_wconf 91' lang='lat' dir='ltr'>littera</span> <span class='ocrx_word' id='word_1_52' title='bbox 1382 710 1522 761; x_wconf 86' lang='lat' dir='ltr'>libro</span> 
     </span>
    </p>

    <p class='ocr_par' dir='ltr' id='par_1_7' title="bbox 180 781 1529 852">
     <span class='ocr_line' id='line_1_9' title="bbox 180 781 1529 852; baseline 0.001 -19"><span class='ocrx_word' id='word_1_53' title='bbox 180 781 485 833; x_wconf 88' lang='lat' dir='ltr'>Absentum</span> <span class='ocrx_word' id='word_1_54' title='bbox 524 781 790 833; x_wconf 87' lang='lat' dir='ltr'>condonat</span> <span class='ocrx_word' id='word_1_55' title='bbox 832 800 972 850; x_wconf 79' lang='lat' dir='ltr'>opes,</span> <span class='ocrx_word' id='word_1_56' title='bbox 1037 781 1088 834; x_wconf 84' lang='lat' dir='ltr'>A</span> <span class='ocrx_word' id='word_1_57' title='bbox 1127 783 1297 835; x_wconf 89' lang='lat' dir='ltr'>milite</span> <span class='ocrx_word' id='word_1_58' title='bbox 1336 801 1529 852; x_wconf 88' lang='lat' dir='ltr'>parcus</span> 
     </span>
    </p>

    <p class='ocr_par' dir='ltr' id='par_1_8' title="bbox 180 855 1622 926">
     <span class='ocr_line' id='line_1_10' title="bbox 180 855 1622 926; baseline 0.002 -20"><span class='ocrx_word' id='word_1_59' title='bbox 180 855 460 926; x_wconf 83' lang='lat' dir='ltr'>Diligeris3</span> <span class='ocrx_word' id='word_1_60' title='bbox 498 873 670 923; x_wconf 90' lang='lat' dir='ltr'>neque</span> <span class='ocrx_word' id='word_1_61' title='bbox 711 855 853 907; x_wconf 86' lang='lat' dir='ltr'>enim</span> <span class='ocrx_word' id='word_1_62' title='bbox 891 855 1164 926; x_wconf 84' lang='lat' dir='ltr'>neglectas</span> <span class='ocrx_word' id='word_1_63' title='bbox 1203 875 1333 925; x_wconf 90' lang='lat' dir='ltr'>pace</span> <span class='ocrx_word' id='word_1_64' title='bbox 1375 857 1622 910; x_wconf 81' lang='lat' dir='ltr'>cohortes</span> 
     </span>
    </p>

    <p class='ocr_par' dir='ltr' id='par_1_9' title="bbox 173 929 1872 1149">
     <span class='ocr_line' id='line_1_11' title="bbox 181 929 1779 1000; baseline 0.003 -20"><span class='ocrx_word' id='word_1_65' title='bbox 181 929 332 981; x_wconf 89' lang='lat' dir='ltr'>Tunc</span> <span class='ocrx_word' id='word_1_66' title='bbox 372 929 531 998; x_wconf 82' lang='lat' dir='ltr'>ditaS,</span> <span class='ocrx_word' id='word_1_67' title='bbox 573 947 692 980; x_wconf 92' lang='lat' dir='ltr'>cum</span> <span class='ocrx_word' id='word_1_68' title='bbox 732 929 873 981; x_wconf 90' lang='lat' dir='ltr'>bella</span> <span class='ocrx_word' id='word_1_69' title='bbox 914 930 1163 982; x_wconf 83' lang='lat' dir='ltr'>fremunt.</span> <span class='ocrx_word' id='word_1_70' title='bbox 1228 929 1343 982; x_wconf 81' lang='lat' dir='ltr'>Scis</span> <span class='ocrx_word' id='word_1_71' title='bbox 1382 931 1532 982; x_wconf 90' lang='lat' dir='ltr'>nulla</span> <span class='ocrx_word' id='word_1_72' title='bbox 1571 932 1779 1000; x_wconf 87' lang='lat' dir='ltr'>placere</span> 
     </span>
     <span class='ocr_line' id='line_1_12' title="bbox 177 1002 1872 1074; baseline 0.003 -20"><span class='ocrx_word' id='word_1_73' title='bbox 177 1002 424 1069; x_wconf 78' lang='lat' dir='ltr'>Munera,</span> <span class='ocrx_word' id='word_1_74' title='bbox 466 1021 599 1071; x_wconf 92' lang='lat' dir='ltr'>quae</span> <span class='ocrx_word' id='word_1_75' title='bbox 631 1006 874 1055; x_wconf 91' lang='lat' dir='ltr'>metuens</span> <span class='ocrx_word' id='word_1_76' title='bbox 905 1003 1038 1072; x_wconf 81' lang='lat' dir='ltr'>illis,</span> <span class='ocrx_word' id='word_1_77' title='bbox 1081 1022 1215 1072; x_wconf 89' lang='lat' dir='ltr'>quos</span> <span class='ocrx_word' id='word_1_78' title='bbox 1250 1009 1545 1074; x_wconf 73' lang='lat' dir='ltr'>spreverat,</span> <span class='ocrx_word' id='word_1_79' title='bbox 1580 1006 1734 1058; x_wconf 72' lang='lat' dir='ltr'>offert</span> <span class='ocrx_word' id='word_1_80' title='bbox 1789 1021 1872 1059; x_wconf 88' lang='lat'>150</span> 
     </span>
     <span class='ocr_line' id='line_1_13' title="bbox 173 1075 1448 1149; baseline 0.001 -20"><span class='ocrx_word' id='word_1_81' title='bbox 173 1075 341 1130; x_wconf 76' lang='lat' dir='ltr'>Serus</span> <span class='ocrx_word' id='word_1_82' title='bbox 382 1080 435 1128; x_wconf 93' lang='lat' dir='ltr'>et</span> <span class='ocrx_word' id='word_1_83' title='bbox 473 1077 743 1129; x_wconf 89' lang='lat' dir='ltr'>incassum</span> <span class='ocrx_word' id='word_1_84' title='bbox 784 1078 980 1129; x_wconf 82' lang='lat' dir='ltr'>servati</span> <span class='ocrx_word' id='word_1_85' title='bbox 1019 1078 1278 1149; x_wconf 84' lang='lat' dir='ltr'>prodigus</span> <span class='ocrx_word' id='word_1_86' title='bbox 1319 1079 1448 1130; x_wconf 90' lang='lat' dir='ltr'>auri.</span> 
     </span>
    </p>

    <p class='ocr_par' dir='ltr' id='par_1_10' title="bbox 177 1149 1503 1219">
     <span class='ocr_line' id='line_1_14' title="bbox 177 1149 1503 1219; baseline 0.002 -17"><span class='ocrx_word' id='word_1_87' title='bbox 177 1149 472 1202; x_wconf 81' lang='lat' dir='ltr'>Antevenis</span> <span class='ocrx_word' id='word_1_88' title='bbox 511 1154 723 1219; x_wconf 91' lang='lat' dir='ltr'>tempus</span> <span class='ocrx_word' id='word_1_89' title='bbox 762 1169 874 1202; x_wconf 91' lang='lat' dir='ltr'>non</span> <span class='ocrx_word' id='word_1_90' title='bbox 912 1152 1319 1219; x_wconf 79' lang='lat' dir='ltr'>expectantibus</span> <span class='ocrx_word' id='word_1_91' title='bbox 1359 1153 1503 1204; x_wconf 90' lang='lat' dir='ltr'>ultro</span> 
     </span>
    </p>

    <p class='ocr_par' dir='ltr' id='par_1_11' title="bbox 176 1223 1870 1517">
     <span class='ocr_line' id='line_1_15' title="bbox 177 1223 1737 1295; baseline 0.002 -19"><span class='ocrx_word' id='word_1_92' title='bbox 177 1223 466 1276; x_wconf 88' lang='lat' dir='ltr'>Munificus</span> <span class='ocrx_word' id='word_1_93' title='bbox 505 1243 824 1292; x_wconf 87' lang='lat' dir='ltr'>mensaeque</span> <span class='ocrx_word' id='word_1_94' title='bbox 865 1225 1086 1276; x_wconf 87' lang='lat' dir='ltr'>adhibes</span> <span class='ocrx_word' id='word_1_95' title='bbox 1128 1229 1179 1277; x_wconf 90' lang='lat' dir='ltr'>et</span> <span class='ocrx_word' id='word_1_96' title='bbox 1219 1226 1433 1278; x_wconf 87' lang='lat' dir='ltr'>nomine</span> <span class='ocrx_word' id='word_1_97' title='bbox 1475 1245 1737 1295; x_wconf 88' lang='lat' dir='ltr'>quemque</span> 
     </span>
     <span class='ocr_line' id='line_1_16' title="bbox 181 1297 1566 1369; baseline 0.002 -20"><span class='ocrx_word' id='word_1_98' title='bbox 181 1297 483 1366; x_wconf 88' lang='lat' dir='ltr'>Compellas</span> <span class='ocrx_word' id='word_1_99' title='bbox 525 1298 677 1367; x_wconf 91' lang='lat' dir='ltr'>clari,</span> <span class='ocrx_word' id='word_1_100' title='bbox 719 1298 818 1349; x_wconf 89' lang='lat' dir='ltr'>sub</span> <span class='ocrx_word' id='word_1_101' title='bbox 859 1302 911 1350; x_wconf 88' lang='lat' dir='ltr'>te</span> <span class='ocrx_word' id='word_1_102' title='bbox 954 1299 1096 1366; x_wconf 89' lang='lat' dir='ltr'>quod</span> <span class='ocrx_word' id='word_1_103' title='bbox 1136 1303 1374 1369; x_wconf 82' lang='lat' dir='ltr'>gesserat</span> <span class='ocrx_word' id='word_1_104' title='bbox 1416 1299 1566 1369; x_wconf 90' lang='lat' dir='ltr'>olim,</span> 
     </span>
     <span class='ocr_line' id='line_1_17' title="bbox 176 1370 1870 1442; baseline 0.003 -19"><span class='ocrx_word' id='word_1_105' title='bbox 176 1370 530 1424; x_wconf 90' lang='lat' dir='ltr'>Admonitum</span> <span class='ocrx_word' id='word_1_106' title='bbox 569 1372 699 1423; x_wconf 83' lang='lat' dir='ltr'>facti</span> <span class='ocrx_word' id='word_1_107' title='bbox 740 1372 1056 1442; x_wconf 89' lang='lat' dir='ltr'>figendaque</span> <span class='ocrx_word' id='word_1_108' title='bbox 1099 1374 1344 1425; x_wconf 87' lang='lat' dir='ltr'>sensibus</span> <span class='ocrx_word' id='word_1_109' title='bbox 1385 1373 1534 1425; x_wconf 88' lang='lat' dir='ltr'>addis</span> <span class='ocrx_word' id='word_1_110' title='bbox 1788 1388 1870 1428; x_wconf 80' lang='lat'>155</span> 
     </span>
     <span class='ocr_line' id='line_1_18' title="bbox 176 1445 1572 1517; baseline 0.002 -21"><span class='ocrx_word' id='word_1_111' title='bbox 176 1445 379 1515; x_wconf 88' lang='lat' dir='ltr'>Verba,</span> <span class='ocrx_word' id='word_1_112' title='bbox 420 1445 615 1513; x_wconf 86' lang='lat' dir='ltr'>quibus</span> <span class='ocrx_word' id='word_1_113' title='bbox 656 1446 838 1515; x_wconf 87' lang='lat' dir='ltr'>magni</span> <span class='ocrx_word' id='word_1_114' title='bbox 877 1446 1181 1516; x_wconf 86' lang='lat' dir='ltr'>geminatur</span> <span class='ocrx_word' id='word_1_115' title='bbox 1220 1447 1394 1517; x_wconf 91' lang='lat' dir='ltr'>gratia</span> <span class='ocrx_word' id='word_1_116' title='bbox 1431 1447 1572 1499; x_wconf 86' lang='lat' dir='ltr'>nodi.</span> 
     </span>
    </p>

    <p class='ocr_par' dir='ltr' id='par_1_12' title="bbox 173 1518 1869 2401">
     <span class='ocr_line' id='line_1_19' title="bbox 286 1518 1677 1589; baseline 0.001 -17"><span class='ocrx_word' id='word_1_117' title='bbox 286 1518 422 1589; x_wconf 90' lang='lat' dir='ltr'>Nec,</span> <span class='ocrx_word' id='word_1_118' title='bbox 464 1519 509 1570; x_wconf 92' lang='lat' dir='ltr'>si</span> <span class='ocrx_word' id='word_1_119' title='bbox 550 1519 678 1587; x_wconf 84' lang='lat' dir='ltr'>quid</span> <span class='ocrx_word' id='word_1_120' title='bbox 716 1519 947 1588; x_wconf 81' lang='lat' dir='ltr'>tribuaS,</span> <span class='ocrx_word' id='word_1_121' title='bbox 987 1520 1246 1572; x_wconf 90' lang='lat' dir='ltr'>iactatum</span> <span class='ocrx_word' id='word_1_122' title='bbox 1286 1521 1497 1589; x_wconf 90' lang='lat' dir='ltr'>saepius</span> <span class='ocrx_word' id='word_1_123' title='bbox 1537 1521 1677 1573; x_wconf 91' lang='lat' dir='ltr'>idem</span> 
     </span>
     <span class='ocr_line' id='line_1_20' title="bbox 174 1592 1579 1663; baseline 0.001 -19"><span class='ocrx_word' id='word_1_124' title='bbox 174 1593 519 1661; x_wconf 82' lang='lat' dir='ltr'>Exprobrare</span> <span class='ocrx_word' id='word_1_125' title='bbox 560 1592 700 1644; x_wconf 90' lang='lat' dir='ltr'>soles</span> <span class='ocrx_word' id='word_1_126' title='bbox 739 1611 859 1661; x_wconf 91' lang='lat' dir='ltr'>nec,</span> <span class='ocrx_word' id='word_1_127' title='bbox 901 1611 1035 1661; x_wconf 90' lang='lat' dir='ltr'>quos</span> <span class='ocrx_word' id='word_1_128' title='bbox 1074 1595 1429 1663; x_wconf 84' lang='lat' dir='ltr'>promoveriS,</span> <span class='ocrx_word' id='word_1_129' title='bbox 1469 1595 1579 1646; x_wconf 90' lang='lat' dir='ltr'>alto</span> 
     </span>
     <span class='ocr_line' id='line_1_21' title="bbox 175 1666 1602 1738; baseline 0.001 -20"><span class='ocrx_word' id='word_1_130' title='bbox 175 1666 444 1738; x_wconf 87' lang='lat' dir='ltr'>Turgidus</span> <span class='ocrx_word' id='word_1_131' title='bbox 484 1666 787 1734; x_wconf 85' lang='lat' dir='ltr'>adloqueris</span> <span class='ocrx_word' id='word_1_132' title='bbox 827 1667 973 1718; x_wconf 85' lang='lat' dir='ltr'>fastu</span> <span class='ocrx_word' id='word_1_133' title='bbox 1011 1685 1109 1719; x_wconf 91' lang='lat' dir='ltr'>nec</span> <span class='ocrx_word' id='word_1_134' title='bbox 1147 1686 1402 1736; x_wconf 87' lang='lat' dir='ltr'>prospera</span> <span class='ocrx_word' id='word_1_135' title='bbox 1442 1669 1602 1720; x_wconf 90' lang='lat' dir='ltr'>flatus</span> 
     </span>
     <span class='ocr_line' id='line_1_22' title="bbox 173 1739 1869 1813; baseline 0.002 -21"><span class='ocrx_word' id='word_1_136' title='bbox 173 1740 454 1793; x_wconf 90' lang='lat' dir='ltr'>Attollunt</span> <span class='ocrx_word' id='word_1_137' title='bbox 492 1741 702 1792; x_wconf 82' lang='lat' dir='ltr'>nimios</span> <span class='ocrx_word' id='word_1_138' title='bbox 768 1739 909 1802; x_wconf 88' lang='lat' dir='ltr'>Quin</span> <span class='ocrx_word' id='word_1_139' title='bbox 946 1741 1063 1809; x_wconf 91' lang='lat' dir='ltr'>ipsa</span> <span class='ocrx_word' id='word_1_140' title='bbox 1105 1740 1366 1810; x_wconf 83' lang='lat' dir='ltr'>Superbia</span> <span class='ocrx_word' id='word_1_141' title='bbox 1406 1742 1566 1813; x_wconf 88' lang='lat' dir='ltr'>longe</span> <span class='ocrx_word' id='word_1_142' title='bbox 1786 1757 1869 1798; x_wconf 87' lang='grc'>160</span> 
     </span>
     <span class='ocr_line' id='line_1_23' title="bbox 175 1814 1474 1884; baseline 0.002 -18"><span class='ocrx_word' id='word_1_143' title='bbox 175 1814 460 1884; x_wconf 82' lang='lat' dir='ltr'>Discessit,</span> <span class='ocrx_word' id='word_1_144' title='bbox 498 1815 691 1866; x_wconf 82' lang='lat' dir='ltr'>vitium</span> <span class='ocrx_word' id='word_1_145' title='bbox 729 1815 889 1866; x_wconf 91' lang='lat' dir='ltr'>rebus</span> <span class='ocrx_word' id='word_1_146' title='bbox 931 1815 1187 1867; x_wconf 91' lang='lat' dir='ltr'>sollemne</span> <span class='ocrx_word' id='word_1_147' title='bbox 1230 1816 1474 1868; x_wconf 91' lang='lat' dir='ltr'>secundis</span> 
     </span>
     <span class='ocr_line' id='line_1_24' title="bbox 174 1888 1672 1960; baseline 0.001 -20"><span class='ocrx_word' id='word_1_148' title='bbox 174 1888 560 1956; x_wconf 89' lang='lat' dir='ltr'>Virtutumque</span> <span class='ocrx_word' id='word_1_149' title='bbox 599 1888 812 1958; x_wconf 90' lang='lat' dir='ltr'>ingrata</span> <span class='ocrx_word' id='word_1_150' title='bbox 853 1906 1043 1941; x_wconf 78' lang='lat' dir='ltr'>comes</span> <span class='ocrx_word' id='word_1_151' title='bbox 1108 1888 1431 1960; x_wconf 85' lang='lat' dir='ltr'>Contingere</span> <span class='ocrx_word' id='word_1_152' title='bbox 1470 1890 1672 1959; x_wconf 90' lang='lat' dir='ltr'>passim</span> 
     </span>
     <span class='ocr_line' id='line_1_25' title="bbox 173 1961 1458 2030; baseline 0.001 -16"><span class='ocrx_word' id='word_1_153' title='bbox 173 1961 469 2029; x_wconf 85' lang='lat' dir='ltr'>Adfarique</span> <span class='ocrx_word' id='word_1_154' title='bbox 507 1961 646 2013; x_wconf 85' lang='lat' dir='ltr'>licet.</span> <span class='ocrx_word' id='word_1_155' title='bbox 708 1961 837 2013; x_wconf 89' lang='lat' dir='ltr'>Non</span> <span class='ocrx_word' id='word_1_156' title='bbox 873 1962 1014 2013; x_wconf 89' lang='lat' dir='ltr'>inter</span> <span class='ocrx_word' id='word_1_157' title='bbox 1051 1963 1244 2030; x_wconf 80' lang='lat' dir='ltr'>pocula</span> <span class='ocrx_word' id='word_1_158' title='bbox 1284 1981 1458 2015; x_wconf 89' lang='lat' dir='ltr'>sermo</span> 
     </span>
     <span class='ocr_line' id='line_1_26' title="bbox 178 2035 1344 2104; baseline -0.001 -15"><span class='ocrx_word' id='word_1_159' title='bbox 178 2036 459 2104; x_wconf 85' lang='lat' dir='ltr'>Captatur,</span> <span class='ocrx_word' id='word_1_160' title='bbox 499 2054 632 2103; x_wconf 90' lang='lat' dir='ltr'>pura</span> <span class='ocrx_word' id='word_1_161' title='bbox 673 2035 764 2086; x_wconf 90' lang='lat' dir='ltr'>sed</span> <span class='ocrx_word' id='word_1_162' title='bbox 802 2035 1051 2086; x_wconf 89' lang='lat' dir='ltr'>libertate</span> <span class='ocrx_word' id='word_1_163' title='bbox 1091 2035 1344 2103; x_wconf 91' lang='lat' dir='ltr'>loquendi</span> 
     </span>
     <span class='ocr_line' id='line_1_27' title="bbox 176 2108 1865 2177; baseline 0.002 -15"><span class='ocrx_word' id='word_1_164' title='bbox 176 2109 325 2163; x_wconf 85' lang='lat' dir='ltr'>Seria</span> <span class='ocrx_word' id='word_1_165' title='bbox 367 2109 592 2177; x_wconf 85' lang='lat' dir='ltr'>quisque</span> <span class='ocrx_word' id='word_1_166' title='bbox 631 2109 763 2160; x_wconf 90' lang='lat' dir='ltr'>iocis</span> <span class='ocrx_word' id='word_1_167' title='bbox 802 2108 951 2160; x_wconf 84' lang='lat' dir='ltr'>nulla</span> <span class='ocrx_word' id='word_1_168' title='bbox 991 2108 1274 2161; x_wconf 84' lang='lat' dir='ltr'>formidine</span> <span class='ocrx_word' id='word_1_169' title='bbox 1314 2110 1515 2162; x_wconf 89' lang='lat' dir='ltr'>miscet.</span> <span class='ocrx_word' id='word_1_170' title='bbox 1783 2125 1865 2165; x_wconf 86' lang='lat'>165</span> 
     </span>
     <span class='ocr_line' id='line_1_28' title="bbox 177 2180 1719 2253; baseline 0.001 -18"><span class='ocrx_word' id='word_1_171' title='bbox 177 2183 347 2246; x_wconf 86' lang='lat' dir='ltr'>Quem</span> <span class='ocrx_word' id='word_1_172' title='bbox 385 2183 529 2234; x_wconf 86' lang='lat' dir='ltr'>videt</span> <span class='ocrx_word' id='word_1_173' title='bbox 568 2180 805 2253; x_wconf 89' lang='lat' dir='ltr'>Augusti</span> <span class='ocrx_word' id='word_1_174' title='bbox 845 2200 1087 2234; x_wconf 86' lang='lat' dir='ltr'>socerum</span> <span class='ocrx_word' id='word_1_175' title='bbox 1127 2183 1384 2253; x_wconf 87' lang='lat' dir='ltr'>regnique</span> <span class='ocrx_word' id='word_1_176' title='bbox 1422 2187 1719 2253; x_wconf 91' lang='lat' dir='ltr'>parentem,</span> 
     </span>
     <span class='ocr_line' id='line_1_29' title="bbox 174 2257 1543 2325; baseline 0.001 -17"><span class='ocrx_word' id='word_1_177' title='bbox 174 2257 405 2309; x_wconf 85' lang='lat' dir='ltr'>Miratur</span> <span class='ocrx_word' id='word_1_178' title='bbox 445 2257 666 2308; x_wconf 83' lang='lat' dir='ltr'>conviva</span> <span class='ocrx_word' id='word_1_179' title='bbox 705 2275 912 2325; x_wconf 89' lang='lat' dir='ltr'>parem,</span> <span class='ocrx_word' id='word_1_180' title='bbox 954 2274 1074 2307; x_wconf 93' lang='lat' dir='ltr'>cum</span> <span class='ocrx_word' id='word_1_181' title='bbox 1112 2260 1263 2308; x_wconf 88' lang='lat' dir='ltr'>tanta</span> <span class='ocrx_word' id='word_1_182' title='bbox 1302 2260 1543 2324; x_wconf 89' lang='lat' dir='ltr'>potestas</span> 
     </span>
     <span class='ocr_line' id='line_1_30' title="bbox 176 2329 1665 2401; baseline -0.001 -17"><span class='ocrx_word' id='word_1_183' title='bbox 176 2331 361 2384; x_wconf 85' lang='lat' dir='ltr'>Civem</span> <span class='ocrx_word' id='word_1_184' title='bbox 399 2330 536 2382; x_wconf 88' lang='lat' dir='ltr'>lenis</span> <span class='ocrx_word' id='word_1_185' title='bbox 576 2333 716 2401; x_wconf 88' lang='lat' dir='ltr'>agat.</span> <span class='ocrx_word' id='word_1_186' title='bbox 779 2329 851 2381; x_wconf 90' lang='lat' dir='ltr'>Te</span> <span class='ocrx_word' id='word_1_187' title='bbox 893 2330 1081 2382; x_wconf 90' lang='lat' dir='ltr'>doctus</span> <span class='ocrx_word' id='word_1_188' title='bbox 1121 2331 1295 2398; x_wconf 90' lang='lat' dir='ltr'>prisca</span> <span class='ocrx_word' id='word_1_189' title='bbox 1334 2330 1665 2400; x_wconf 87' lang='lat' dir='ltr'>loquentem,</span> 
     </span>
    </p>

    <p class='ocr_par' dir='ltr' id='par_1_13' title="bbox 175 2404 1397 2473">
     <span class='ocr_line' id='line_1_31' title="bbox 175 2404 1397 2473; baseline -0.001 -16"><span class='ocrx_word' id='word_1_190' title='bbox 175 2405 249 2457; x_wconf 87' lang='lat' dir='ltr'>Te</span> <span class='ocrx_word' id='word_1_191' title='bbox 288 2407 499 2457; x_wconf 90' lang='lat' dir='ltr'>matura</span> <span class='ocrx_word' id='word_1_192' title='bbox 540 2423 700 2456; x_wconf 83' lang='lat' dir='ltr'>senex</span> <span class='ocrx_word' id='word_1_193' title='bbox 740 2404 910 2473; x_wconf 83' lang='lat' dir='ltr'>audit,</span> <span class='ocrx_word' id='word_1_194' title='bbox 949 2407 1003 2455; x_wconf 89' lang='lat' dir='ltr'>te</span> <span class='ocrx_word' id='word_1_195' title='bbox 1043 2404 1204 2456; x_wconf 86' lang='lat' dir='ltr'>fortia</span> <span class='ocrx_word' id='word_1_196' title='bbox 1244 2404 1397 2456; x_wconf 86' lang='lat' dir='ltr'>miles</span> 
     </span>
    </p>

    <p class='ocr_par' dir='ltr' id='par_1_14' title="bbox 172 2475 1867 2605">
     <span class='ocr_line' id='line_1_32' title="bbox 172 2475 1867 2548; baseline 0.002 -18"><span class='ocrx_word' id='word_1_197' title='bbox 172 2477 460 2547; x_wconf 90' lang='lat' dir='ltr'>Adspersis</span> <span class='ocrx_word' id='word_1_198' title='bbox 487 2479 706 2548; x_wconf 82' lang='lat' dir='ltr'>salibUS,</span> <span class='ocrx_word' id='word_1_199' title='bbox 736 2478 931 2547; x_wconf 85' lang='lat' dir='ltr'>quibus</span> <span class='ocrx_word' id='word_1_200' title='bbox 956 2477 1101 2530; x_wconf 90' lang='lat' dir='ltr'>haud</span> <span class='ocrx_word' id='word_1_201' title='bbox 1123 2475 1430 2546; x_wconf 86' lang='lat' dir='ltr'>Amphiona</span> <span class='ocrx_word' id='word_1_202' title='bbox 1456 2479 1741 2547; x_wconf 90' lang='lat' dir='ltr'>quisquam</span> <span class='ocrx_word' id='word_1_203' title='bbox 1783 2493 1867 2533; x_wconf 82' lang='grc'>170</span> 
     </span>
     <span class='ocr_line' id='line_1_33' title="bbox 174 2551 1576 2605; baseline 0 -1"><span class='ocrx_word' id='word_1_204' title='bbox 174 2552 449 2604; x_wconf 85' lang='lat' dir='ltr'>Praeferat</span> <span class='ocrx_word' id='word_1_205' title='bbox 488 2551 694 2605; x_wconf 87' lang='lat' dir='ltr'>Aonios</span> <span class='ocrx_word' id='word_1_206' title='bbox 733 2552 1082 2604; x_wconf 83' lang='lat' dir='ltr'>meditantem</span> <span class='ocrx_word' id='word_1_207' title='bbox 1123 2553 1354 2604; x_wconf 89' lang='lat' dir='ltr'>carmine</span> <span class='ocrx_word' id='word_1_208' title='bbox 1394 2570 1576 2604; x_wconf 89' lang='lat' dir='ltr'>muros</span> 
     </span>
    </p>

    <p class='ocr_par' dir='ltr' id='par_1_15' title="bbox 175 2625 1513 2697">
     <span class='ocr_line' id='line_1_34' title="bbox 175 2625 1513 2697; baseline -0.001 -19"><span class='ocrx_word' id='word_1_209' title='bbox 175 2625 231 2678; x_wconf 91' lang='lat' dir='ltr'>N</span> <span class='ocrx_word' id='word_1_210' title='bbox 234 2644 291 2678; x_wconf 90' lang='lat' dir='ltr'>ec</span> <span class='ocrx_word' id='word_1_211' title='bbox 328 2626 459 2678; x_wconf 86' lang='lat' dir='ltr'>velit</span> <span class='ocrx_word' id='word_1_212' title='bbox 499 2625 712 2695; x_wconf 91' lang='lat' dir='ltr'>Orpheo</span> <span class='ocrx_word' id='word_1_213' title='bbox 752 2627 1046 2697; x_wconf 88' lang='lat' dir='ltr'>migrantes</span> <span class='ocrx_word' id='word_1_214' title='bbox 1086 2626 1295 2694; x_wconf 90' lang='lat' dir='ltr'>pectine</span> <span class='ocrx_word' id='word_1_215' title='bbox 1337 2626 1513 2678; x_wconf 78' lang='lat' dir='ltr'>silvas</span> 
     </span>
    </p>

    <p class='ocr_par' dir='ltr' id='par_1_16' title="bbox 173 2698 1865 2990">
     <span class='ocr_line' id='line_1_35' title="bbox 286 2698 1772 2770; baseline 0.001 -20"><span class='ocrx_word' id='word_1_216' title='bbox 286 2698 430 2751; x_wconf 89' lang='lat' dir='ltr'>Hinc</span> <span class='ocrx_word' id='word_1_217' title='bbox 468 2719 640 2770; x_wconf 90' lang='lat' dir='ltr'>amor,</span> <span class='ocrx_word' id='word_1_218' title='bbox 678 2700 804 2752; x_wconf 86' lang='lat' dir='ltr'>hino</span> <span class='ocrx_word' id='word_1_219' title='bbox 843 2700 982 2752; x_wconf 84' lang='lat' dir='ltr'>veris</span> <span class='ocrx_word' id='word_1_220' title='bbox 1024 2702 1076 2751; x_wconf 92' lang='lat' dir='ltr'>et</span> <span class='ocrx_word' id='word_1_221' title='bbox 1114 2718 1225 2751; x_wconf 90' lang='lat' dir='ltr'>non</span> <span class='ocrx_word' id='word_1_222' title='bbox 1264 2699 1548 2752; x_wconf 85' lang='lat' dir='ltr'>fallacibus</span> <span class='ocrx_word' id='word_1_223' title='bbox 1589 2719 1772 2752; x_wconf 90' lang='lat' dir='ltr'>omnes</span> 
     </span>
     <span class='ocr_line' id='line_1_36' title="bbox 173 2772 1473 2843; baseline 0.001 -19"><span class='ocrx_word' id='word_1_224' title='bbox 173 2772 282 2824; x_wconf 91' lang='lat' dir='ltr'>Pro</span> <span class='ocrx_word' id='word_1_225' title='bbox 322 2776 376 2824; x_wconf 91' lang='lat' dir='ltr'>te</span> <span class='ocrx_word' id='word_1_226' title='bbox 416 2773 634 2826; x_wconf 88' lang='lat' dir='ltr'>solliciti</span> <span class='ocrx_word' id='word_1_227' title='bbox 673 2774 836 2843; x_wconf 82' lang='lat' dir='ltr'>votis3</span> <span class='ocrx_word' id='word_1_228' title='bbox 876 2773 1001 2825; x_wconf 91' lang='lat' dir='ltr'>hinc</span> <span class='ocrx_word' id='word_1_229' title='bbox 1039 2791 1236 2825; x_wconf 88' lang='lat' dir='ltr'>nomen</span> <span class='ocrx_word' id='word_1_230' title='bbox 1274 2773 1473 2842; x_wconf 90' lang='lat' dir='ltr'>ubique</span> 
     </span>
     <span class='ocr_line' id='line_1_37' title="bbox 176 2845 1865 2918; baseline 0.002 -20"><span class='ocrx_word' id='word_1_231' title='bbox 176 2845 487 2917; x_wconf 82' lang='lat' dir='ltr'>PlausibuS,</span> <span class='ocrx_word' id='word_1_232' title='bbox 527 2848 729 2900; x_wconf 86' lang='lat' dir='ltr'>auratis</span> <span class='ocrx_word' id='word_1_233' title='bbox 771 2847 1041 2899; x_wconf 90' lang='lat' dir='ltr'>celebrant</span> <span class='ocrx_word' id='word_1_234' title='bbox 1081 2846 1206 2898; x_wconf 90' lang='lat' dir='ltr'>hinc</span> <span class='ocrx_word' id='word_1_235' title='bbox 1247 2865 1339 2899; x_wconf 91' lang='lat' dir='ltr'>ora</span> <span class='ocrx_word' id='word_1_236' title='bbox 1379 2848 1582 2918; x_wconf 79' lang='lat' dir='ltr'>figuris</span> <span class='ocrx_word' id='word_1_237' title='bbox 1782 2862 1865 2902; x_wconf 83' lang='lat'>175</span> 
     </span>
     <span class='ocr_line' id='line_1_38' title="bbox 178 2918 1766 2990; baseline 0.001 -18"><span class='ocrx_word' id='word_1_238' title='bbox 178 2918 323 2983; x_wconf 81' lang='lat' dir='ltr'>Quae</span> <span class='ocrx_word' id='word_1_239' title='bbox 361 2938 473 2973; x_wconf 91' lang='lat' dir='ltr'>non</span> <span class='ocrx_word' id='word_1_240' title='bbox 508 2921 726 2974; x_wconf 85' lang='lat' dir='ltr'>incudes</span> <span class='ocrx_word' id='word_1_241' title='bbox 767 2923 1086 2990; x_wconf 88' lang='lat' dir='ltr'>streperent,</span> <span class='ocrx_word' id='word_1_242' title='bbox 1127 2938 1260 2988; x_wconf 88' lang='lat' dir='ltr'>quae</span> <span class='ocrx_word' id='word_1_243' title='bbox 1300 2922 1514 2974; x_wconf 86' lang='lat' dir='ltr'>flamma</span> <span class='ocrx_word' id='word_1_244' title='bbox 1553 2924 1766 2974; x_wconf 82' lang='lat' dir='ltr'>vacaret</span> 
     </span>
    </p>
   </div>
  </div>
 </body>
</html>
