2039 3235
579 105 1049 151 ADNOTATIONES
1084 105 1375 165 CRITICAE.
1750 107 1830 151 LV

252 238 477 294 quoniam
507 238 832 296 imperfectum
866 254 893 283 a
917 242 1058 296 poeta
1089 239 1305 284 relictum
1337 253 1437 284 esse
1462 242 1615 284 totum
1640 253 1828 284 carmen

231 297 441 349 ⁸invictis
475 298 762 355 argumentis
797 313 824 342 a
856 298 1004 342 Birtio
1038 299 1408 343 demonstratum
1440 301 1533 355 est,
1583 299 1728 343 etiam
1767 299 1823 343 de

253 356 547 414 praefatione
579 356 703 399 idem
734 357 891 400 valere
924 357 1063 401 facile
1096 357 1364 402 credideris.

193 420 221 459 8
247 418 452 474 pandere
481 416 600 474 vela]
634 415 689 458 cf.
724 415 993 472 Propertius
1027 417 1066 459 II
1093 421 1163 471 21,
1193 421 1248 459 14
1280 418 1423 473 (apud
1455 416 1677 472 Lachm.).

149 475 220 518 Il

255 475 330 518 hic
363 489 522 518 versus
564 477 694 518 extat
733 474 877 518 etiam
915 475 966 517 in
1006 475 1165 518 codice
1204 475 1489 519 Santeniano
1531 489 1650 520 saec.
1676 475 1740 519 IX
1781 478 1828 519 et

258 533 484 590 scriptum
516 533 661 577 habet
692 535 891 590 adflata;
924 534 980 578 cf.
1013 534 1082 577 Bi.
1117 534 1259 590 praef.
1293 550 1336 590 p.
1365 535 1552 578 LXXXI
1584 536 1631 578 et
1656 533 1829 579 CCVII.

165 597 221 636 20
254 593 532 650 famulatur]
564 607 783 636 numerus
817 592 1068 649 singularis
1101 592 1307 650 positum
1341 596 1413 637 est
1446 607 1499 637 ea
1532 594 1650 650 lege,
1686 608 1826 649 quam

136 833 220 873 122

256 651 524 696 observavit
557 651 729 695 Birtius
760 651 906 708 praef.
940 667 984 708 p.
1012 651 1245 697 CCXXIV.
1303 654 1508 695 ceterum
1541 653 1829 696 necessarius

253 711 460 765 videtur,
508 724 565 754 ne
604 710 805 755 relativa
844 725 963 766 quae
1011 714 1267 767 sequuntur
1313 710 1432 754 salso
1479 711 1729 755 trahantur
1769 712 1830 754 ad

252 771 415 827 vulqus
446 772 583 825 iners,
616 785 721 813 cum
753 770 814 813 ad
845 771 916 814 Di
945 770 1216 826 pertineant
1249 769 1484 814 videlicet.

235 829 524 887 .Hennaeae]
558 829 718 874 Ennee
743 828 841 885 AC,
874 844 1039 874 enneae
1065 845 1099 885 ε,
1134 829 1308 873 Ethnee
1334 842 1494 873 omnes
1518 828 1616 873 fere
1640 829 1825 885 reliqui.

253 887 371 931 haec
389 887 723 944 scripturarum
740 888 941 933 variatio
963 889 1088 933 inter
1104 889 1248 932 verba
1266 888 1517 933 Hennaeus
1535 891 1582 932 et
1599 889 1831 934 Aetnaeus

252 961 347 990 non
387 947 538 990 solum
586 948 710 1004 apud
756 948 929 991 multos
978 950 1191 992 auctores
1241 947 1460 991 solemnis
1502 949 1593 1003 est,
1640 961 1732 1003 qua
1773 948 1867 990 de-

252 1020 302 1049 re
341 1006 444 1050 fuse
485 1006 584 1062 egit
619 1007 1027 1050 Drakenborchius
1069 1008 1128 1050 ad
1171 1006 1337 1050 Silium
1374 1006 1592 1050 Italicum
1618 1006 1638 1048 Ι
1665 1011 1719 1050 93
1754 1007 1830 1062 (cf.

254 1066 399 1109 etiam
438 1065 616 1110 ibidem
650 1067 710 1109 ad
742 1067 934 1124 11:304),
984 1067 1066 1110 sed
1107 1066 1251 1109 etiam
1292 1066 1418 1122 apud
1457 1068 1668 1109 nostrum
1707 1080 1831 1110 com-

253 1124 466 1180 pluribus
497 1125 614 1168 locis
647 1125 698 1168 in
730 1125 982 1169 discrimen
1019 1127 1237 1177 vocatur,
1281 1128 1438 1168 utrum
1482 1127 1731 1170 Hennaeus
1773 1139 1833 1169 an

253 1184 486 1228 Aetnaeus
510 1183 607 1228 sive
626 1185 799 1229 Henna
825 1199 885 1228 an
902 1186 1052 1231 Aetna
1076 1185 1329 1228 lectionem
1352 1185 1587 1240 praeferre
1613 1184 1830 1229 volueris,

255 1256 349 1298 qua
383 1243 439 1286 de
474 1257 616 1287 causa
647 1258 704 1287 ne
739 1243 938 1300 singulis
964 1246 1131 1300 postea
1154 1243 1270 1287 locis
1297 1243 1461 1287 eadem
1487 1244 1543 1287 de
1568 1257 1616 1286 re
1642 1243 1830 1300 longius

254 1302 553 1346 tractandum
602 1302 684 1359 sit,
732 1306 885 1346 totam
933 1302 1259 1358 quaestionem
1302 1317 1422 1346 nunc
1466 1302 1506 1345 si
1542 1302 1644 1346 fieri
1681 1302 1833 1359 possit

253 1375 479 1418 peragere
511 1361 666 1406 liceat.
725 1362 979 1406 difficultas
1014 1364 1172 1405 autem
1213 1376 1323 1405 sane
1363 1361 1491 1404 haud
1529 1375 1676 1418 parva
1715 1362 1833 1405 haec

255 1423 346 1464 est:
382 1435 484 1464 cum
509 1420 738 1476 Hennam,
770 1421 1001 1465 famosam
1031 1421 1163 1464 illam
1189 1420 1366 1464 Cereris
1400 1421 1572 1476 sedem,
1601 1421 1653 1464 in
1675 1421 1832 1464 medio

256 1479 447 1523 Siciliae
471 1479 654 1523 insulae
689 1480 829 1523 sitam
860 1480 1005 1524 fuisse
1041 1482 1223 1524 constet
1248 1480 1533 1536 (conferatur
1559 1493 1596 1523 e.
1623 1495 1667 1532 g.
1692 1479 1832 1523 testis

254 1538 559 1595 gravissimus
587 1539 746 1583 Cicero
769 1540 900 1583 Verr.
928 1540 991 1583 IV
1016 1543 1071 1582 48
1104 1541 1346 1583 umbilicus
1372 1539 1587 1595 Siciliae),
1615 1537 1833 1582 Claudia-

254 1613 367 1640 num
400 1600 584 1655 saepius
615 1598 686 1642 ita
717 1598 1035 1642 narrationem
1065 1597 1313 1642 instituere
1346 1598 1582 1654 videmus,
1618 1597 1754 1653 quasi
1772 1599 1834 1645 ‚in

253 1657 446 1713 regione
479 1671 597 1712 quae
631 1657 755 1701 circa
787 1660 989 1701 Aetnam
1022 1662 1228 1701 montem
1260 1658 1353 1700 sita
1384 1659 1474 1713 est,
1516 1656 1651 1701 Ceres
1683 1657 1832 1700 filiam

255 1715 506 1761 abdiderit.
572 1719 782 1761 attamen
820 1719 1009 1773 poetam
1049 1720 1259 1760 nostrum
1295 1715 1424 1759 illius
1456 1716 1646 1760 fabulae
1679 1716 1835 1760 locum

253 1774 620 1821 famosissimum
651 1776 868 1820 Hennam
898 1775 1141 1833 ignorasse
1173 1775 1417 1832 ipsamque
1458 1776 1591 1818 deam
1634 1775 1834 1820 Cererem

254 1835 506 1879 Aetnaeam
536 1849 704 1879 vocare
734 1835 943 1892 potuisse
978 1835 1081 1890 quis
1113 1835 1253 1879 facile
1289 1834 1379 1879 sibi
1410 1834 1726 1890 persuaserit?
1779 1848 1833 1878 ac

255 1907 305 1937 re
345 1907 456 1937 vera
496 1895 535 1937 si
574 1894 685 1937 libri
733 1895 923 1938 secundi
965 1908 1125 1938 versus
1160 1898 1243 1937 101
1264 1909 1362 1949 sqq.
1411 1894 1685 1950 diligentius
1731 1908 1836 1950 per-

256 1952 486 2009 spexeris,
533 1952 629 1996 iam
662 1953 833 2009 omnis,
881 1967 972 2009 quo
1007 1954 1063 1997 de
1094 1954 1198 1996 loco
1233 1956 1346 2009 agat
1384 1955 1545 2009 poeta,
1596 1953 1834 1996 dubitatio

255 2011 453 2056 tollitur.
507 2026 658 2067 neque
703 2012 826 2056 enim
867 2027 972 2055 cum
1010 2012 1341 2069 Proserpinam
1384 2027 1490 2055 cum
1531 2013 1708 2056 deabus
1749 2026 1834 2068 per

257 2073 397 2127 prata
426 2071 670 2115 ludentem
702 2071 951 2128 depingat,
986 2073 1194 2115 montem
1227 2071 1376 2114 altum
1409 2071 1505 2115 sive
1546 2072 1645 2115 eius
1687 2071 1832 2115 clivos

257 2132 489 2174 memorat
520 2130 822 2186 Claudianus,
856 2130 937 2174 sed
969 2130 1177 2173 molliter
1209 2130 1387 2173 editam
1418 2130 1565 2174 fuisse
1597 2130 1731 2173 illam
1763 2143 1834 2173 re-

259 2189 448 2246 gionem
481 2192 529 2233 et
559 2189 808 2246 planitiem
838 2204 932 2233 non
962 2189 1056 2232 nisi
1086 2190 1134 2232 in
1167 2186 1335 2232 collem
1368 2191 1567 2233 crevisse
1601 2188 1832 2245 expressis

257 2247 414 2292 verbis
462 2248 704 2304 describit,
755 2263 896 2304 quam
944 2248 1304 2304 descriptionem
1347 2248 1517 2302 mirum
1556 2248 1606 2291 in
1644 2248 1836 2291 modum

260 2306 522 2363 congruere
557 2322 659 2351 cum
692 2307 927 2352 Ciceronis
967 2307 1053 2351 illa
1094 2307 1231 2350 modo
1273 2306 1420 2351 citata
1459 2307 1684 2352 invenies,
1745 2307 1837 2350 huc

261 2366 473 2422 accedit,
533 2368 659 2422 quod
712 2367 811 2424 ipse
874 2369 1017 2423 poeta
1069 2381 1112 2411 v.
1164 2370 1247 2409 112
1302 2366 1442 2423 Pergi
1511 2366 1640 2410 lacus
1706 2366 1835 2410 illius

259 2426 547 2470 mentionem
586 2426 723 2483 facit,
772 2440 908 2482 quem
956 2426 1084 2469 haud
1122 2425 1286 2481 procul
1326 2425 1385 2468 ab
1425 2425 1591 2469 Henna
1630 2425 1839 2470 abfuisse

262 2487 426 2528 notum
460 2489 544 2529 est.
599 2500 722 2529 nunc
753 2485 900 2543 igitur
932 2485 1030 2528 sine
1065 2485 1161 2528 ulla
1195 2484 1489 2528 dubitatione
1535 2485 1840 2528 statuendum

264 2547 336 2588 est
373 2544 448 2587 his
489 2545 546 2588 de
594 2544 762 2600 quibus
810 2545 948 2588 modo
998 2544 1228 2600 agebatur
1273 2544 1486 2587 versibus
1528 2543 1841 2588 Claudianum

261 2603 535 2647 Hennaeam
577 2603 819 2660 regionem
859 2603 1125 2660 depinxisse
1165 2602 1471 2658 Hennamque
1510 2602 1664 2659 ipsam
1703 2603 1840 2658 quasi

266 2663 425 2706 sedem
462 2662 590 2706 illius
630 2663 819 2706 fabulae
858 2675 1120 2718 usurpasse.
1176 2661 1335 2717 itaque
1378 2663 1581 2718 primum
1620 2676 1758 2706 versu
1772 2667 1837 2732 22

262 2721 376 2765 libri
416 2721 608 2765 secundi
647 2724 836 2775 Henna,
883 2721 947 2766 ib.
979 2737 1020 2766 v.
1048 2725 1133 2764 289
1173 2727 1255 2765 tua
1294 2721 1487 2777 Henna,
1533 2723 1694 2766 nostro
1734 2721 1840 2766 loco

263 2781 285 2824 Ι
311 2785 395 2824 122
428 2781 677 2825 Hennaeae
710 2795 737 2824 a
770 2780 917 2824 Birtio
950 2780 1209 2824 rectissime
1246 2779 1436 2836 legitur3
1479 2779 1648 2824 deinde
1682 2786 1842 2825 autem

262 2839 329 2884 ΙΠ
353 2843 409 2882 85
441 2839 634 2884 Hennae
673 2842 796 2896 (cum
829 2840 1107 2895 Pulmanno)
1149 2840 1197 2883 et
1234 2838 1298 2882 ib.
1324 2843 1410 2883 220
1451 2839 1678 2885 Hennaea
1717 2842 1842 2894 (cum

266 2898 532 2953 Parrhasio)
564 2899 842 2944 restituatur
872 2912 1061 2942 necesse
1095 2900 1180 2942 est.
1236 2912 1386 2954 neque
1411 2899 1609 2956 probare
1634 2913 1842 2956 possum,
