2039 3235
126 124 229 167 LIV
578 120 1049 166 ADNOTATIONES
1082 121 1375 169 CRITICAE.

215 257 250 300 L
277 261 301 300 5
336 259 384 300 et
417 256 461 313 6]
511 253 780 311 transposui
818 255 901 298 hos
941 268 1100 298 versus
1143 257 1412 322 propterea,
1461 254 1572 310 quia
1616 254 1814 311 pluralis

334 321 593 360 sanctotum
635 313 733 357 sine
773 313 960 358 nomine
993 328 1087 358 non
1117 314 1210 358 nisi
1240 313 1290 357 in
1320 313 1457 357 initio
1491 315 1614 357 stare
1646 313 1817 370 potuit.

333 374 484 418 iefero
517 378 777 417 sanctorum
808 372 869 415 ad
902 373 1090 416 nomina
1120 372 1259 416 Pauli
1291 375 1339 416 et
1369 371 1510 417 Petri.
1567 371 1634 416 sic
1675 372 1819 417 etiam

333 433 452 476 bene
484 432 711 475 barbarus
744 431 1013 488 inrumpens
1046 431 1196 488 primo
1229 432 1332 475 loco
1366 433 1663 480 memoratur.

197 492 251 535 LI
277 497 301 534 6
336 491 630 549 Syracusius]
665 490 723 534 cf.
759 490 895 534 Birtii
925 491 1070 547 praef.
1103 506 1147 546 p.
1174 490 1321 535 CCXI.

245 555 298 593 13
333 552 571 605 insontem]
622 551 810 605 egregie
856 551 1038 594 tutatur
1083 550 1295 595 Cerbereos
1342 551 1498 594 insons
1545 549 1670 606 apud
1708 549 1847 595 Hor.-

334 623 371 653 c.
396 609 440 652 II
465 611 534 662 19,
561 613 630 653 29.

122 669 227 712 LIII
246 673 299 712 13
333 669 425 730 in]
440 669 501 712 ad
532 667 644 722 VG,
684 658 804 709 illud
843 669 1003 711 tamen
1043 668 1240 711 ‘hortari
1279 667 1346 710 in'
1382 666 1709 724 Vergilianum
1748 668 1822 711 est

333 731 381 772 et
411 725 563 783 magis
596 725 846 782 poeticum.

242 791 297 830 45
330 787 453 852 ipse]
487 785 624 829 huius
664 784 791 851 vocis
833 798 973 840 quam
1015 784 1145 827 dubii
1184 787 1329 828 testes
1371 784 1465 828 sint
1504 799 1599 828 non
1637 784 1817 842 ignoro.

333 845 557 902 exigitur
569 858 679 888 vero
712 843 823 899 quia
853 857 935 899 per
967 844 1295 912 gradationem
1328 857 1355 886 a
1387 843 1603 888 Manibus
1637 846 1684 888 et
1708 843 1815 888 Pro-

333 904 522 960 serpina
565 903 625 947 ad
664 903 911 947 Plutonem
956 905 1105 959 ipsum
1152 902 1367 959 procedit
1412 902 1623 948 narratio
1671 906 1720 948 et
1759 903 1816 947 cf.

266 988 273 994 ·
337 964 470 1007 Ovid.
496 963 606 1006 Met.
631 962 674 1006 V
700 977 742 1005 v
770 966 876 1005 356:
909 976 990 1006 aex
1015 968 1153 1020 pavet
1183 964 1278 1018 ipse
1310 963 1533 1006 silentum.

243 1027 297 1066 69
321 1022 472 1080 fonte]
515 1021 581 1064 sic
612 1020 839 1065 traditum
871 1020 920 1063 in
952 1020 1093 1064 nullis
1137 1018 1262 1087 quod
1302 1021 1446 1064 sciam
1484 1019 1816 1077 manuscriptis

330 1095 414 1125 nec
447 1098 481 1124 ω
521 1094 606 1124 nec
639 1097 670 1131 ς.
731 1079 927 1136 praebet
967 1082 1126 1123 autem
1168 1079 1263 1122 iam
1303 1079 1491 1123 Iuntina
1532 1079 1816 1124 a.MDX1X.

242 1144 297 1184 88
329 1140 540 1197 revelato]
588 1138 716 1195 turn
760 1152 865 1181 cum
904 1137 1022 1182 vitio
1063 1138 1339 1194 prosodiaco
1378 1140 1572 1184 relevato
1613 1152 1667 1183 ex
1707 1153 1894 1186 mss..

330 1198 693 1255 imprimendum
725 1196 857 1241 dedit
891 1198 1085 1254 Ieepius.
1148 1192 1538 1254 proficiscendum
1579 1199 1652 1241 est
1689 1197 1817 1241 vide-

334 1259 447 1301 licet
479 1271 534 1300 ex
567 1256 769 1300 lectione
804 1255 911 1298 libri
934 1256 976 1298 V
1009 1270 1151 1312 quam
1175 1257 1380 1300 exhibui
1436 1257 1554 1301 hanc
1579 1270 1637 1301 ne
1664 1269 1817 1301 emen-

333 1317 520 1361 datione
541 1315 731 1371 quidem
749 1328 884 1370 egere
903 1315 1054 1369 credo,
1084 1315 1166 1359 sed
1182 1316 1583 1372 interpretatione.
1617 1315 1819 1360 insulam

329 1377 578 1427 Lemnum,
626 1373 755 1418 cuius
802 1373 1126 1433 magnitudine
1166 1389 1216 1418 os
1257 1375 1498 1418 Mimantis
1539 1375 1674 1430 quasi
1711 1375 1817 1419 velo

331 1437 510 1478 tectum
542 1434 638 1477 sive
669 1433 879 1477 velatum
912 1436 1003 1487 est,
1048 1447 1131 1489 pro
1173 1433 1326 1478 iaculo
1358 1435 1549 1489 torquet
1581 1436 1629 1477 et
1661 1433 1818 1478 elevat

333 1507 474 1550 supra
499 1495 661 1550 caput3
689 1506 780 1548 qua
799 1492 981 1549 actione
999 1492 1094 1535 iam
1115 1507 1163 1536 os
1181 1494 1426 1538 revelatum
1450 1495 1534 1548 est,
1553 1494 1607 1537 ut
1625 1492 1818 1550 cuspide

331 1552 498 1596 Martis
530 1551 660 1595 feriri
690 1550 856 1608 possit.

217 1617 299 1656 109
334 1612 595 1669 Palleneus]
631 1610 688 1654 cf.
722 1610 790 1654 Bi.
824 1609 1028 1653 indicem
1062 1625 1095 1654 s.
1122 1625 1162 1654 v.

631 1759 713 1812 De
750 1753 910 1828 raptu
948 1760 1316 1828 Proserpinae.

587 1875 1004 1931 Conspectus
1045 1878 1366 1920 notarum.

194 1986 202 2011 :
239 1966 338 2009 cod.
370 1963 667 2008 Florentinus
707 1963 821 2007 bibl.
858 1963 922 2007 st.
949 1963 1130 2019 Crucis,
1175 1963 1241 2020 pl.
1273 1963 1422 2007 XXIV
1463 1963 1639 2011 sinistr.
1675 1979 1720 2008 n.
1749 1968 1816 2019 12,

238 2024 429 2070 membr.
465 2037 583 2067 saec.
609 2023 707 2067 XII.

198 2103 207 2127 :
243 2084 343 2128 cod.
376 2081 731 2138 Antverpiensis
763 2082 828 2125 III
853 2086 922 2135 59,
954 2082 1146 2125 membr.
1183 2095 1301 2126 saec.
1327 2081 1447 2125 XIII.

196 2162 205 2187 :
240 2143 341 2187 cod.
374 2141 526 2185 Musei
557 2140 817 2185 Britannici
850 2145 978 2197 6042,
1012 2141 1203 2185 membr.
1239 2154 1356 2185 saec.
1385 2141 1506 2185 XIII.

195 2222 204 2246 ε
239 2202 339 2245 cod.
367 2199 642 2246 Oxoniensis
669 2200 949 2244 Bodleianus
973 2200 1106 2243 Auct.
1124 2200 1164 2244 J.
1193 2204 1321 2255 216,
1347 2201 1539 2245 membr.
1558 2213 1676 2250 saec,
1694 2199 1820 2245 XIII.
1858 2253 1863 2256 ,

194 2281 202 2305 ;
238 2260 337 2305 cod.
372 2258 771 2316 Cantabrigiensis
813 2259 917 2303 coll.
952 2258 1166 2316 Corporis
1200 2259 1375 2304 Christi
1405 2274 1450 2304 n.
1475 2263 1583 2316 228,
1621 2258 1822 2304 membr.

237 2333 358 2364 saec.
383 2321 504 2363 XIII.

194 2398 203 2422 :
239 2379 449 2423 eiusdem
482 2376 656 2421 codicis
689 2391 797 2433 pars
829 2376 985 2421 tertia.

195 2437 338 2482 :cod
372 2437 610 2481 Parisinus
641 2436 724 2480 lat.
756 2452 801 2481 n.
829 2440 985 2490 15005,
1019 2436 1211 2479 membr.
1247 2421 1365 2480 saec.
1392 2388 1510 2480 XIV.

195 2515 203 2540 :
239 2496 338 2540 cod.
371 2495 723 2552 Antverpiensis
756 2495 801 2539 N
828 2500 904 2551 71,
952 2495 1144 2539 membr.
1186 2508 1306 2539 saec.
1344 2494 1470 2549 XIV,
1516 2507 1609 2538 non
1647 2492 1821 2548 ubique

239 2555 478 2598 adhibitus
460 2579 491 2599 8.

199 2633 208 2657 :
243 2617 462 2670 excerpta
494 2613 751 2669 Gyraldina
782 2612 832 2656 in
864 2612 1075 2668 margine
1101 2611 1303 2656 Aldinae
1331 2609 1610 2667 exemplaris
1634 2609 1823 2666 Lugdu-

238 2672 396 2717 nensis
430 2677 514 2715 757
549 2671 588 2716 G
612 2677 651 2715 2.

154 2734 207 2775 5:
241 2731 373 2776 codd
408 2730 676 2775 deteriores.

128 2791 156 2835 I
187 2790 334 2846 praef.
366 2789 484 2833 mihi
516 2790 625 2832 dum
656 2788 971 2846 praefationes
1004 2788 1209 2844 reliquas
1236 2787 1486 2832 Claudiani
1519 2787 1820 2844 contemplor,

368 2849 549 2892 animus
577 2862 759 2905 semper
783 2862 836 2892 eo
860 2847 1079 2900 trahitur,
1112 2849 1165 2891 ut
1187 2846 1324 2890 huius
1347 2845 1655 2903 praefationis
1678 2845 1819 2890 finem

371 2909 531 2952 deesse
562 2909 736 2964 putem
795 2907 914 2951 solet
947 2906 1069 2950 enim
1102 2905 1163 2949 ad
1188 2920 1234 2949 se
1261 2905 1496 2950 reflectere
1527 2906 1682 2962 poeta.
1735 2904 1816 2949 sed

165 2619 189 2657 8
142 2380 184 2539 <mm
124 2085 185 2305 0>US
147 1967 181 2010 Q
