<?xml version="1.0" encoding="UTF-8"?>
<!DOCTYPE html PUBLIC "-//W3C//DTD XHTML 1.0 Transitional//EN"
    "http://www.w3.org/TR/xhtml1/DTD/xhtml1-transitional.dtd">
<html xmlns="http://www.w3.org/1999/xhtml" xml:lang="en" lang="en">
 <head>
  <title>
</title>
<meta http-equiv="Content-Type" content="text/html;charset=utf-8" />
  <meta name='ocr-system' content='tesseract 3.04.00' />
  <meta name='ocr-capabilities' content='ocr_page ocr_carea ocr_par ocr_line ocrx_word'/>
</head>
<body>
  <div class='ocr_page' id='page_1' title='image "./carmina00clauuoft_0051.png"; bbox 0 0 2039 3235; ppageno 0'>
   <div class='ocr_carea' id='block_1_1' title="bbox 545 121 1802 168">
    <p class='ocr_par' dir='ltr' id='par_1_1' title="bbox 545 121 1802 168">
     <span class='ocr_line' id='line_1_1' title="bbox 545 121 1802 168; baseline 0.002 -3"><span class='ocrx_word' id='word_1_1' title='bbox 545 121 1027 166; x_wconf 84' lang='lat' dir='ltr'>ADNOTATIONES</span> <span class='ocrx_word' id='word_1_2' title='bbox 1061 121 1350 167; x_wconf 89' lang='lat' dir='ltr'>CRITICAE.</span> <span class='ocrx_word' id='word_1_3' title='bbox 1637 123 1802 168; x_wconf 89' lang='lat' dir='ltr'>XLVII</span> 
     </span>
    </p>
   </div>
   <div class='ocr_carea' id='block_1_2' title="bbox 97 253 1805 1066">
    <p class='ocr_par' dir='ltr' id='par_1_2' title="bbox 105 253 1234 320">
     <span class='ocr_line' id='line_1_2' title="bbox 105 253 1234 320; baseline 0 -22"><span class='ocrx_word' id='word_1_4' title='bbox 105 257 192 298; x_wconf 82' lang='lat'>586</span> <span class='ocrx_word' id='word_1_5' title='bbox 224 254 518 320; x_wconf 77' lang='lat' dir='ltr'>rescissaque]</span> <span class='ocrx_word' id='word_1_6' title='bbox 555 253 612 297; x_wconf 88' lang='lat' dir='ltr'>cf</span> <span class='ocrx_word' id='word_1_7' title='bbox 647 253 704 297; x_wconf 88' lang='lat' dir='ltr'>de</span> <span class='ocrx_word' id='word_1_8' title='bbox 738 254 871 299; x_wconf 89' lang='lat' dir='ltr'>codd</span> <span class='ocrx_word' id='word_1_9' title='bbox 906 255 1058 298; x_wconf 89' lang='lat' dir='ltr'>Cuiac.</span> <span class='ocrx_word' id='word_1_10' title='bbox 1092 270 1135 310; x_wconf 89' lang='lat' dir='ltr'>p.</span> <span class='ocrx_word' id='word_1_11' title='bbox 1164 259 1234 301; x_wconf 84' lang='grc'>58</span> 
     </span>
    </p>

    <p class='ocr_par' dir='ltr' id='par_1_3' title="bbox 102 312 1805 948">
     <span class='ocr_line' id='line_1_3' title="bbox 102 312 1802 372; baseline 0.002 -16"><span class='ocrx_word' id='word_1_12' title='bbox 102 317 190 357; x_wconf 85' lang='grc'>599</span> <span class='ocrx_word' id='word_1_13' title='bbox 223 315 271 357; x_wconf 89' lang='lat' dir='ltr'>et</span> <span class='ocrx_word' id='word_1_14' title='bbox 303 317 402 357; x_wconf 88' lang='lat'>600.</span> <span class='ocrx_word' id='word_1_15' title='bbox 458 312 508 355; x_wconf 89' lang='lat' dir='ltr'>in</span> <span class='ocrx_word' id='word_1_16' title='bbox 537 312 641 356; x_wconf 89' lang='lat' dir='ltr'>loco</span> <span class='ocrx_word' id='word_1_17' title='bbox 675 312 956 356; x_wconf 88' lang='lat' dir='ltr'>difficillimo</span> <span class='ocrx_word' id='word_1_18' title='bbox 989 312 1190 356; x_wconf 88' lang='lat' dir='ltr'>Birtium</span> <span class='ocrx_word' id='word_1_19' title='bbox 1232 313 1363 370; x_wconf 88' lang='lat' dir='ltr'>sequi</span> <span class='ocrx_word' id='word_1_20' title='bbox 1402 313 1556 358; x_wconf 88' lang='lat' dir='ltr'>minus</span> <span class='ocrx_word' id='word_1_21' title='bbox 1596 329 1802 372; x_wconf 85' lang='lat' dir='ltr'>possum,</span> 
     </span>
     <span class='ocr_line' id='line_1_4' title="bbox 223 371 1799 437; baseline 0.003 -23"><span class='ocrx_word' id='word_1_22' title='bbox 223 371 303 427; x_wconf 88' lang='lat' dir='ltr'>qui</span> <span class='ocrx_word' id='word_1_23' title='bbox 335 373 559 427; x_wconf 73' lang='lat' dir='ltr'>fundator</span> <span class='ocrx_word' id='word_1_24' title='bbox 591 373 786 437; x_wconf 79' lang='grc' dir='ltr'>011”91’”1ι1.ς</span> <span class='ocrx_word' id='word_1_25' title='bbox 818 371 1061 415; x_wconf 80' lang='lat' dir='ltr'>coniunxit</span> <span class='ocrx_word' id='word_1_26' title='bbox 1102 375 1149 415; x_wconf 92' lang='lat' dir='ltr'>et</span> <span class='ocrx_word' id='word_1_27' title='bbox 1182 373 1439 429; x_wconf 78' lang='lat' dir='ltr'>separavit3</span> <span class='ocrx_word' id='word_1_28' title='bbox 1487 374 1603 418; x_wconf 88' lang='lat' dir='ltr'>haec</span> <span class='ocrx_word' id='word_1_29' title='bbox 1644 377 1799 418; x_wconf 88' lang='lat' dir='ltr'>autem</span> 
     </span>
     <span class='ocr_line' id='line_1_5' title="bbox 219 429 1805 489; baseline 0.003 -15"><span class='ocrx_word' id='word_1_30' title='bbox 219 430 488 487; x_wconf 77' lang='lat' dir='ltr'>tautologia</span> <span class='ocrx_word' id='word_1_31' title='bbox 533 430 679 474; x_wconf 89' lang='lat' dir='ltr'>moles</span> <span class='ocrx_word' id='word_1_32' title='bbox 683 429 870 474; x_wconf 88' lang='lat' dir='ltr'>tissima</span> <span class='ocrx_word' id='word_1_33' title='bbox 915 432 999 475; x_wconf 88' lang='lat' dir='ltr'>est.</span> <span class='ocrx_word' id='word_1_34' title='bbox 1072 434 1315 486; x_wconf 78' lang='lat' dir='ltr'>piaeterea</span> <span class='ocrx_word' id='word_1_35' title='bbox 1361 439 1584 489; x_wconf 70' lang='lat' dir='ltr'>quantum</span> <span class='ocrx_word' id='word_1_36' title='bbox 1630 434 1805 479; x_wconf 70' lang='lat' dir='ltr'>dederzt</span> 
     </span>
     <span class='ocr_line' id='line_1_6' title="bbox 219 489 1801 548; baseline 0.003 -16"><span class='ocrx_word' id='word_1_37' title='bbox 219 489 337 532; x_wconf 91' lang='lat' dir='ltr'>mihi</span> <span class='ocrx_word' id='word_1_38' title='bbox 370 489 561 544; x_wconf 85' lang='lat' dir='ltr'>quidem</span> <span class='ocrx_word' id='word_1_39' title='bbox 593 503 684 533; x_wconf 92' lang='grc'>11011</span> <span class='ocrx_word' id='word_1_40' title='bbox 718 489 974 544; x_wconf 84' lang='lat' dir='ltr'>sufficeret3</span> <span class='ocrx_word' id='word_1_41' title='bbox 1021 489 1368 534; x_wconf 86' lang='lat' dir='ltr'>desideraretur</span> <span class='ocrx_word' id='word_1_42' title='bbox 1401 492 1524 535; x_wconf 91' lang='lat' dir='ltr'>enim</span> <span class='ocrx_word' id='word_1_43' title='bbox 1555 493 1801 548; x_wconf 58' lang='lat' dir='ltr'>genet-iius</span> 
     </span>
     <span class='ocr_line' id='line_1_7' title="bbox 220 548 1803 617; baseline 0.002 -25"><span class='ocrx_word' id='word_1_44' title='bbox 220 563 276 592; x_wconf 88' lang='lat' dir='ltr'>ex</span> <span class='ocrx_word' id='word_1_45' title='bbox 308 554 530 606; x_wconf 73' lang='lat' dir='ltr'>quantum</span> <span class='ocrx_word' id='word_1_46' title='bbox 562 548 786 604; x_wconf 86' lang='lat' dir='ltr'>pendens.</span> <span class='ocrx_word' id='word_1_47' title='bbox 849 548 1009 604; x_wconf 85' lang='lat' dir='ltr'>itaque</span> <span class='ocrx_word' id='word_1_48' title='bbox 1052 548 1164 591; x_wconf 87' lang='lat' dir='ltr'>olim</span> <span class='ocrx_word' id='word_1_49' title='bbox 1204 551 1497 617; x_wconf 83' lang='lat' dir='ltr'>temptabam</span> <span class='ocrx_word' id='word_1_50' title='bbox 1537 567 1674 608; x_wconf 75' lang='lat' dir='ltr'>quam</span> <span class='ocrx_word' id='word_1_51' title='bbox 1712 554 1803 597; x_wconf 75' lang='lat' dir='ltr'>vim</span> 
     </span>
     <span class='ocr_line' id='line_1_8' title="bbox 218 607 1802 678; baseline 0.004 -29"><span class='ocrx_word' id='word_1_52' title='bbox 218 621 302 664; x_wconf 92' lang='lat' dir='ltr'>pro</span> <span class='ocrx_word' id='word_1_53' title='bbox 336 613 572 665; x_wconf 74' lang='lat' dir='ltr'>quantum,</span> <span class='ocrx_word' id='word_1_54' title='bbox 606 607 730 663; x_wconf 86' lang='lat' dir='ltr'>quod</span> <span class='ocrx_word' id='word_1_55' title='bbox 759 610 921 650; x_wconf 88' lang='lat' dir='ltr'>tamen</span> <span class='ocrx_word' id='word_1_56' title='bbox 947 622 1027 651; x_wconf 92' lang='lat' dir='ltr'>cur</span> <span class='ocrx_word' id='word_1_57' title='bbox 1050 607 1245 650; x_wconf 79' lang='lat' dir='ltr'>reiciam</span> <span class='ocrx_word' id='word_1_58' title='bbox 1270 610 1495 664; x_wconf 84' lang='lat' dir='ltr'>unusquis</span> <span class='ocrx_word' id='word_1_59' title='bbox 1501 624 1590 678; x_wconf 81' lang='lat' dir='ltr'>que</span> <span class='ocrx_word' id='word_1_60' title='bbox 1617 611 1802 655; x_wconf 75' lang='lat' dir='ltr'><strong>sentiet.</strong></span> 
     </span>
     <span class='ocr_line' id='line_1_9' title="bbox 222 665 1802 727; baseline 0.002 -18"><span class='ocrx_word' id='word_1_61' title='bbox 222 666 423 721; x_wconf 88' lang='lat' dir='ltr'>denique</span> <span class='ocrx_word' id='word_1_62' title='bbox 466 680 617 722; x_wconf 88' lang='lat' dir='ltr'>paene</span> <span class='ocrx_word' id='word_1_63' title='bbox 657 666 893 722; x_wconf 77' lang='lat' dir='ltr'>persuasit</span> <span class='ocrx_word' id='word_1_64' title='bbox 931 666 1051 709; x_wconf 92' lang='lat' dir='ltr'>mihi</span> <span class='ocrx_word' id='word_1_65' title='bbox 1092 665 1322 710; x_wconf 68' lang='lat' dir='ltr'>Gesner-us</span> <span class='ocrx_word' id='word_1_66' title='bbox 1362 682 1471 712; x_wconf 76' lang='lat' dir='ltr'>suae</span> <span class='ocrx_word' id='word_1_67' title='bbox 1509 671 1704 727; x_wconf 75' lang='grc'>011”·”911113</span> <span class='ocrx_word' id='word_1_68' title='bbox 1744 670 1802 713; x_wconf 86' lang='lat' dir='ltr'>ad</span> 
     </span>
     <span class='ocr_line' id='line_1_10' title="bbox 218 725 1802 792; baseline 0.002 -23"><span class='ocrx_word' id='word_1_69' title='bbox 218 731 439 782; x_wconf 73' lang='lat' dir='ltr'>quantum</span> <span class='ocrx_word' id='word_1_70' title='bbox 470 725 541 768; x_wconf 88' lang='lat' dir='ltr'>ita</span> <span class='ocrx_word' id='word_1_71' title='bbox 571 727 785 781; x_wconf 86' lang='lat' dir='ltr'>trahens,</span> <span class='ocrx_word' id='word_1_72' title='bbox 827 734 880 769; x_wconf 84' lang='lat' dir='ltr'>ut</span> <span class='ocrx_word' id='word_1_73' title='bbox 912 725 1213 781; x_wconf 72' lang='lat' dir='ltr'>intellegeret</span> <span class='ocrx_word' id='word_1_74' title='bbox 1236 728 1488 792; x_wconf 74' lang='grc'>1119611111111</span> <span class='ocrx_word' id='word_1_75' title='bbox 1528 728 1624 772; x_wconf 85' lang='lat' dir='ltr'>sive</span> <span class='ocrx_word' id='word_1_76' title='bbox 1666 735 1802 772; x_wconf 70' lang='lat' dir='ltr'>natu-</span> 
     </span>
     <span class='ocr_line' id='line_1_11' title="bbox 216 784 1802 843; baseline 0.001 -14"><span class='ocrx_word' id='word_1_77' title='bbox 216 799 330 829; x_wconf 79' lang='lat' dir='ltr'>ram.</span> <span class='ocrx_word' id='word_1_78' title='bbox 404 784 649 827; x_wconf 90' lang='lat' dir='ltr'>fatendum</span> <span class='ocrx_word' id='word_1_79' title='bbox 697 798 806 828; x_wconf 87' lang='lat' dir='ltr'>vero</span> <span class='ocrx_word' id='word_1_80' title='bbox 855 786 927 828; x_wconf 91' lang='lat' dir='ltr'>est</span> <span class='ocrx_word' id='word_1_81' title='bbox 975 785 1095 828; x_wconf 89' lang='lat' dir='ltr'>hanc</span> <span class='ocrx_word' id='word_1_82' title='bbox 1143 784 1272 828; x_wconf 88' lang='lat' dir='ltr'>vocis</span> <span class='ocrx_word' id='word_1_83' title='bbox 1320 787 1515 843; x_wconf 62' lang='grc'>0119111119</span> <span class='ocrx_word' id='word_1_84' title='bbox 1560 787 1802 831; x_wconf 88' lang='lat' dir='ltr'>notionem</span> 
     </span>
     <span class='ocr_line' id='line_1_12' title="bbox 218 843 1804 899; baseline 0.003 -13"><span class='ocrx_word' id='word_1_85' title='bbox 218 843 408 887; x_wconf 88' lang='lat' dir='ltr'>aliunde</span> <span class='ocrx_word' id='word_1_86' title='bbox 447 857 521 887; x_wconf 91' lang='lat' dir='ltr'>me</span> <span class='ocrx_word' id='word_1_87' title='bbox 563 843 747 887; x_wconf 89' lang='lat' dir='ltr'>firmare</span> <span class='ocrx_word' id='word_1_88' title='bbox 796 857 890 887; x_wconf 94' lang='lat' dir='ltr'>non</span> <span class='ocrx_word' id='word_1_89' title='bbox 928 857 1081 899; x_wconf 87' lang='lat' dir='ltr'>posse.</span> <span class='ocrx_word' id='word_1_90' title='bbox 1149 843 1206 887; x_wconf 90' lang='lat' dir='ltr'>de</span> <span class='ocrx_word' id='word_1_91' title='bbox 1250 846 1485 889; x_wconf 81' lang='lat' dir='ltr'>structura</span> <span class='ocrx_word' id='word_1_92' title='bbox 1522 846 1655 890; x_wconf 77' lang='lat' dir='ltr'>verbi</span> <span class='ocrx_word' id='word_1_93' title='bbox 1694 848 1804 891; x_wconf 81' lang='lat' dir='ltr'>dare</span> 
     </span>
     <span class='ocr_line' id='line_1_13' title="bbox 218 902 684 948; baseline 0 -2"><span class='ocrx_word' id='word_1_94' title='bbox 218 902 276 948; x_wconf 89' lang='lat' dir='ltr'>cf.</span> <span class='ocrx_word' id='word_1_95' title='bbox 311 918 346 947; x_wconf 87' lang='grc'>6.</span> <span class='ocrx_word' id='word_1_96' title='bbox 373 917 432 946; x_wconf 90' lang='lat' dir='ltr'>m.</span> <span class='ocrx_word' id='word_1_97' title='bbox 458 902 588 946; x_wconf 87' lang='lat' dir='ltr'><strong>XVII</strong></span> <span class='ocrx_word' id='word_1_98' title='bbox 614 909 684 946; x_wconf 84' lang='lat'>43.</span> 
     </span>
    </p>

    <p class='ocr_par' dir='ltr' id='par_1_4' title="bbox 97 961 1802 1066">
     <span class='ocr_line' id='line_1_14' title="bbox 97 961 1802 1065; baseline 0.001 -60"><span class='ocrx_word' id='word_1_99' title='bbox 97 966 184 1006; x_wconf 86' lang='lat'>634</span> <span class='ocrx_word' id='word_1_100' title='bbox 216 963 372 1065; x_wconf 46' lang='lat' dir='ltr'>{mulsi}</span> <span class='ocrx_word' id='word_1_101' title='bbox 396 964 447 1006; x_wconf 75' lang='grc'>111</span> <span class='ocrx_word' id='word_1_102' title='bbox 472 962 627 1020; x_wconf 72' lang='lat' dir='ltr'>annis]</span> <span class='ocrx_word' id='word_1_103' title='bbox 655 962 761 1005; x_wconf 83' lang='lat' dir='ltr'>vide</span> <span class='ocrx_word' id='word_1_104' title='bbox 785 961 1025 1018; x_wconf 86' lang='lat' dir='ltr'>Philologi</span> <span class='ocrx_word' id='word_1_105' title='bbox 1049 963 1162 1008; x_wconf 90' lang='lat' dir='ltr'>tom.</span> <span class='ocrx_word' id='word_1_106' title='bbox 1190 962 1334 1006; x_wconf 83' lang='lat' dir='ltr'>XLIX</span> <span class='ocrx_word' id='word_1_107' title='bbox 1357 978 1402 1019; x_wconf 88' lang='lat' dir='ltr'>p.</span> <span class='ocrx_word' id='word_1_108' title='bbox 1431 968 1529 1008; x_wconf 85' lang='lat'>747.</span> <span class='ocrx_word' id='word_1_109' title='bbox 1576 963 1631 1008; x_wconf 91' lang='lat' dir='ltr'>cf.</span> <span class='ocrx_word' id='word_1_110' title='bbox 1660 965 1802 1008; x_wconf 84' lang='lat' dir='ltr'>etiam</span> 
     </span>
     <span class='ocr_line' id='line_1_15' title="bbox 254 1020 494 1066; baseline 0.013 -3"><span class='ocrx_word' id='word_1_111' title='bbox 254 1020 323 1064; x_wconf 83' lang='lat' dir='ltr'>ti.</span> <span class='ocrx_word' id='word_1_112' title='bbox 396 1026 494 1066; x_wconf 83' lang='lat'>196.</span> 
     </span>
    </p>
   </div>
   <div class='ocr_carea' id='block_1_3' title="bbox 694 1095 1211 1152">
    <p class='ocr_par' dir='ltr' id='par_1_5' title="bbox 694 1095 1211 1152">
     <span class='ocr_line' id='line_1_16' title="bbox 694 1095 1211 1152; baseline 0.004 -4"><span class='ocrx_word' id='word_1_113' title='bbox 694 1095 943 1149; x_wconf 83' lang='lat' dir='ltr'>Carmina</span> <span class='ocrx_word' id='word_1_114' title='bbox 982 1096 1211 1152; x_wconf 83' lang='lat' dir='ltr'>Minora.</span> 
     </span>
    </p>
   </div>
   <div class='ocr_carea' id='block_1_4' title="bbox 589 1197 1313 1254">
    <p class='ocr_par' dir='ltr' id='par_1_6' title="bbox 589 1197 1313 1254">
     <span class='ocr_line' id='line_1_17' title="bbox 589 1197 1313 1254; baseline -0.001 -12"><span class='ocrx_word' id='word_1_115' title='bbox 589 1197 979 1254; x_wconf 79' lang='lat' dir='ltr'>Conspectus</span> <span class='ocrx_word' id='word_1_116' title='bbox 1014 1200 1313 1242; x_wconf 88' lang='lat' dir='ltr'>notarum.</span> 
     </span>
    </p>
   </div>
   <div class='ocr_carea' id='block_1_5' title="bbox 95 1271 1802 2085">
    <p class='ocr_par' dir='ltr' id='par_1_7' title="bbox 107 1271 1802 1388">
     <span class='ocr_line' id='line_1_18' title="bbox 107 1271 1802 1330; baseline 0.001 -14"><span class='ocrx_word' id='word_1_117' title='bbox 107 1271 166 1316; x_wconf 79' lang='lat' dir='ltr'>Gr:</span> <span class='ocrx_word' id='word_1_118' title='bbox 202 1271 302 1316; x_wconf 89' lang='lat' dir='ltr'>cod.</span> <span class='ocrx_word' id='word_1_119' title='bbox 339 1271 659 1328; x_wconf 85' lang='lat' dir='ltr'>Sangallensis</span> <span class='ocrx_word' id='word_1_120' title='bbox 692 1287 735 1315; x_wconf 91' lang='grc'>11.</span> <span class='ocrx_word' id='word_1_121' title='bbox 762 1276 870 1328; x_wconf 86' lang='grc'>429,</span> <span class='ocrx_word' id='word_1_122' title='bbox 915 1272 1108 1317; x_wconf 88' lang='lat' dir='ltr'>membr.</span> <span class='ocrx_word' id='word_1_123' title='bbox 1152 1285 1268 1316; x_wconf 87' lang='lat' dir='ltr'>saec.</span> <span class='ocrx_word' id='word_1_124' title='bbox 1296 1272 1379 1327; x_wconf 81' lang='lat' dir='ltr'>IX,</span> <span class='ocrx_word' id='word_1_125' title='bbox 1427 1286 1522 1316; x_wconf 92' lang='lat' dir='ltr'>non</span> <span class='ocrx_word' id='word_1_126' title='bbox 1562 1273 1802 1330; x_wconf 89' lang='lat' dir='ltr'>pert-inens</span> 
     </span>
     <span class='ocr_line' id='line_1_19' title="bbox 198 1331 875 1388; baseline 0.001 -14"><span class='ocrx_word' id='word_1_127' title='bbox 198 1331 291 1374; x_wconf 89' lang='lat' dir='ltr'>nisi</span> <span class='ocrx_word' id='word_1_128' title='bbox 325 1332 386 1374; x_wconf 84' lang='lat' dir='ltr'>ad</span> <span class='ocrx_word' id='word_1_129' title='bbox 419 1331 875 1388; x_wconf 84' lang='lat' dir='ltr'>Gigantomachiam.</span> 
     </span>
    </p>

    <p class='ocr_par' dir='ltr' id='par_1_8' title="bbox 105 1390 1239 1446">
     <span class='ocr_line' id='line_1_20' title="bbox 105 1390 1239 1446; baseline 0.001 -13"><span class='ocrx_word' id='word_1_130' title='bbox 105 1390 167 1433; x_wconf 71' lang='lat' dir='ltr'>R:</span> <span class='ocrx_word' id='word_1_131' title='bbox 202 1391 302 1434; x_wconf 91' lang='lat' dir='ltr'>cod.</span> <span class='ocrx_word' id='word_1_132' title='bbox 335 1390 620 1434; x_wconf 81' lang='lat' dir='ltr'>Veronensis</span> <span class='ocrx_word' id='word_1_133' title='bbox 656 1395 754 1446; x_wconf 91' lang='lat'>163,</span> <span class='ocrx_word' id='word_1_134' title='bbox 787 1390 981 1433; x_wconf 87' lang='lat' dir='ltr'>membr.</span> <span class='ocrx_word' id='word_1_135' title='bbox 1018 1404 1138 1433; x_wconf 90' lang='lat' dir='ltr'>saec.</span> <span class='ocrx_word' id='word_1_136' title='bbox 1163 1390 1239 1434; x_wconf 88' lang='lat' dir='ltr'>IX.</span> 
     </span>
    </p>

    <p class='ocr_par' dir='ltr' id='par_1_9' title="bbox 105 1449 1531 1505">
     <span class='ocr_line' id='line_1_21' title="bbox 105 1449 1531 1505; baseline 0.001 -13"><span class='ocrx_word' id='word_1_137' title='bbox 105 1449 166 1492; x_wconf 87' lang='lat' dir='ltr'>E:</span> <span class='ocrx_word' id='word_1_138' title='bbox 201 1450 301 1493; x_wconf 88' lang='lat' dir='ltr'>cod.</span> <span class='ocrx_word' id='word_1_139' title='bbox 335 1449 573 1494; x_wconf 85' lang='lat' dir='ltr'>Mediceus</span> <span class='ocrx_word' id='word_1_140' title='bbox 606 1450 723 1505; x_wconf 88' lang='lat' dir='ltr'>plut.</span> <span class='ocrx_word' id='word_1_141' title='bbox 752 1455 806 1493; x_wconf 88' lang='lat'>33</span> <span class='ocrx_word' id='word_1_142' title='bbox 841 1449 943 1494; x_wconf 86' lang='lat' dir='ltr'>cod.</span> <span class='ocrx_word' id='word_1_143' title='bbox 971 1455 1011 1504; x_wconf 86' lang='lat'>9,</span> <span class='ocrx_word' id='word_1_144' title='bbox 1047 1452 1249 1492; x_wconf 88' lang='lat' dir='ltr'>chartac.</span> <span class='ocrx_word' id='word_1_145' title='bbox 1285 1463 1405 1493; x_wconf 87' lang='lat' dir='ltr'>saec.</span> <span class='ocrx_word' id='word_1_146' title='bbox 1432 1449 1531 1494; x_wconf 85' lang='lat' dir='ltr'>XV.</span> 
     </span>
    </p>

    <p class='ocr_par' dir='ltr' id='par_1_10' title="bbox 123 1507 1801 1611">
     <span class='ocr_line' id='line_1_22' title="bbox 123 1507 1801 1565; baseline 0.001 -14"><span class='ocrx_word' id='word_1_147' title='bbox 123 1524 163 1552; x_wconf 70' lang='grc' dir='ltr'>ει</span> <span class='ocrx_word' id='word_1_148' title='bbox 199 1511 420 1564; x_wconf 82' lang='lat' dir='ltr'>excerpta</span> <span class='ocrx_word' id='word_1_149' title='bbox 452 1508 711 1565; x_wconf 79' lang='lat' dir='ltr'>Gyraldina</span> <span class='ocrx_word' id='word_1_150' title='bbox 741 1508 791 1551; x_wconf 92' lang='lat' dir='ltr'>in</span> <span class='ocrx_word' id='word_1_151' title='bbox 822 1507 1034 1564; x_wconf 78' lang='lat' dir='ltr'>margine</span> <span class='ocrx_word' id='word_1_152' title='bbox 1069 1507 1270 1552; x_wconf 78' lang='lat' dir='ltr'>Aldinae</span> <span class='ocrx_word' id='word_1_153' title='bbox 1292 1509 1583 1564; x_wconf 81' lang='lat' dir='ltr'>&#39;exemplaris</span> <span class='ocrx_word' id='word_1_154' title='bbox 1614 1509 1801 1565; x_wconf 85' lang='lat' dir='ltr'>Lugdu-</span> 
     </span>
     <span class='ocr_line' id='line_1_23' title="bbox 199 1567 608 1611; baseline -0.002 0"><span class='ocrx_word' id='word_1_155' title='bbox 199 1568 358 1611; x_wconf 83' lang='lat' dir='ltr'>nensis</span> <span class='ocrx_word' id='word_1_156' title='bbox 387 1573 470 1611; x_wconf 78' lang='lat'>757</span> <span class='ocrx_word' id='word_1_157' title='bbox 505 1567 544 1610; x_wconf 82' lang='lat' dir='ltr'>Gr</span> <span class='ocrx_word' id='word_1_158' title='bbox 569 1572 608 1611; x_wconf 91' lang='grc'>2.</span> 
     </span>
    </p>

    <p class='ocr_par' dir='ltr' id='par_1_11' title="bbox 95 1626 1327 1682">
     <span class='ocr_line' id='line_1_24' title="bbox 95 1626 1327 1682; baseline -0.001 -12"><span class='ocrx_word' id='word_1_159' title='bbox 95 1626 164 1670; x_wconf 87' lang='lat' dir='ltr'>V:</span> <span class='ocrx_word' id='word_1_160' title='bbox 198 1627 297 1671; x_wconf 89' lang='lat' dir='ltr'>cod.</span> <span class='ocrx_word' id='word_1_161' title='bbox 330 1627 588 1670; x_wconf 81' lang='lat' dir='ltr'>Vaticanus</span> <span class='ocrx_word' id='word_1_162' title='bbox 620 1641 664 1670; x_wconf 92' lang='lat' dir='ltr'>n.</span> <span class='ocrx_word' id='word_1_163' title='bbox 691 1629 822 1682; x_wconf 90' lang='grc'>2809,</span> <span class='ocrx_word' id='word_1_164' title='bbox 854 1626 1046 1672; x_wconf 87' lang='lat' dir='ltr'>membr.</span> <span class='ocrx_word' id='word_1_165' title='bbox 1084 1640 1203 1670; x_wconf 88' lang='lat' dir='ltr'>saec.</span> <span class='ocrx_word' id='word_1_166' title='bbox 1229 1626 1327 1669; x_wconf 89' lang='lat' dir='ltr'>XII.</span> 
     </span>
    </p>

    <p class='ocr_par' dir='ltr' id='par_1_12' title="bbox 103 1685 1442 1741">
     <span class='ocr_line' id='line_1_25' title="bbox 103 1685 1442 1741; baseline 0.001 -12"><span class='ocrx_word' id='word_1_167' title='bbox 103 1686 161 1729; x_wconf 88' lang='lat' dir='ltr'>P:</span> <span class='ocrx_word' id='word_1_168' title='bbox 197 1687 298 1731; x_wconf 90' lang='lat' dir='ltr'>cod.</span> <span class='ocrx_word' id='word_1_169' title='bbox 331 1686 570 1730; x_wconf 88' lang='lat' dir='ltr'>Parisinus</span> <span class='ocrx_word' id='word_1_170' title='bbox 604 1685 687 1730; x_wconf 90' lang='lat' dir='ltr'>lat.</span> <span class='ocrx_word' id='word_1_171' title='bbox 718 1688 785 1740; x_wconf 91' lang='grc'>18,</span> <span class='ocrx_word' id='word_1_172' title='bbox 813 1690 913 1741; x_wconf 82' lang='grc'>552,</span> <span class='ocrx_word' id='word_1_173' title='bbox 946 1686 1138 1730; x_wconf 87' lang='lat' dir='ltr'>membr.</span> <span class='ocrx_word' id='word_1_174' title='bbox 1174 1699 1292 1729; x_wconf 88' lang='lat' dir='ltr'>saec.</span> <span class='ocrx_word' id='word_1_175' title='bbox 1320 1685 1442 1730; x_wconf 86' lang='lat' dir='ltr'>XIII.</span> 
     </span>
    </p>

    <p class='ocr_par' dir='ltr' id='par_1_13' title="bbox 110 1744 1802 1850">
     <span class='ocr_line' id='line_1_26' title="bbox 110 1744 1802 1801; baseline 0.001 -12"><span class='ocrx_word' id='word_1_176' title='bbox 110 1745 160 1791; x_wconf 82' lang='lat' dir='ltr'>J:</span> <span class='ocrx_word' id='word_1_177' title='bbox 194 1746 294 1790; x_wconf 90' lang='lat' dir='ltr'>cod.</span> <span class='ocrx_word' id='word_1_178' title='bbox 353 1744 755 1801; x_wconf 87' lang='lat' dir='ltr'>Cantabrigiensis</span> <span class='ocrx_word' id='word_1_179' title='bbox 811 1744 916 1788; x_wconf 89' lang='lat' dir='ltr'>coll.</span> <span class='ocrx_word' id='word_1_180' title='bbox 970 1744 1240 1801; x_wconf 82' lang='lat' dir='ltr'>Trinitatis,</span> <span class='ocrx_word' id='word_1_181' title='bbox 1299 1744 1358 1800; x_wconf 93' lang='lat' dir='ltr'>O,</span> <span class='ocrx_word' id='word_1_182' title='bbox 1393 1751 1440 1799; x_wconf 84' lang='lat'>3,</span> <span class='ocrx_word' id='word_1_183' title='bbox 1476 1749 1554 1800; x_wconf 89' lang='grc'>22,</span> <span class='ocrx_word' id='word_1_184' title='bbox 1609 1746 1802 1791; x_wconf 91' lang='lat' dir='ltr'>membr.</span> 
     </span>
     <span class='ocr_line' id='line_1_27' title="bbox 201 1805 469 1850; baseline 0.004 -2"><span class='ocrx_word' id='word_1_185' title='bbox 201 1818 320 1850; x_wconf 87' lang='lat' dir='ltr'>saec.</span> <span class='ocrx_word' id='word_1_186' title='bbox 346 1805 469 1849; x_wconf 79' lang='lat' dir='ltr'>XIII.</span> 
     </span>
    </p>

    <p class='ocr_par' dir='ltr' id='par_1_14' title="bbox 96 1862 1477 1919">
     <span class='ocr_line' id='line_1_28' title="bbox 96 1862 1477 1919; baseline 0.001 -12"><span class='ocrx_word' id='word_1_187' title='bbox 96 1864 162 1908; x_wconf 86' lang='lat' dir='ltr'>A:</span> <span class='ocrx_word' id='word_1_188' title='bbox 197 1864 297 1908; x_wconf 88' lang='lat' dir='ltr'>cod.</span> <span class='ocrx_word' id='word_1_189' title='bbox 331 1863 669 1908; x_wconf 88' lang='lat' dir='ltr'>Ambrosianus</span> <span class='ocrx_word' id='word_1_190' title='bbox 704 1863 746 1907; x_wconf 80' lang='lat' dir='ltr'>S.</span> <span class='ocrx_word' id='word_1_191' title='bbox 776 1867 830 1906; x_wconf 88' lang='grc'>66</span> <span class='ocrx_word' id='word_1_192' title='bbox 858 1877 973 1919; x_wconf 73' lang='lat' dir='ltr'>sup,</span> <span class='ocrx_word' id='word_1_193' title='bbox 1006 1862 1199 1908; x_wconf 85' lang='lat' dir='ltr'>membr.</span> <span class='ocrx_word' id='word_1_194' title='bbox 1234 1877 1353 1906; x_wconf 85' lang='lat' dir='ltr'>saec.</span> <span class='ocrx_word' id='word_1_195' title='bbox 1380 1862 1477 1908; x_wconf 84' lang='lat' dir='ltr'>XV.</span> 
     </span>
    </p>

    <p class='ocr_par' dir='ltr' id='par_1_15' title="bbox 97 1922 1802 2026">
     <span class='ocr_line' id='line_1_29' title="bbox 97 1922 1802 1980; baseline 0.001 -14"><span class='ocrx_word' id='word_1_196' title='bbox 97 1923 166 1966; x_wconf 91' lang='lat' dir='ltr'>M:</span> <span class='ocrx_word' id='word_1_197' title='bbox 201 1923 301 1967; x_wconf 86' lang='lat' dir='ltr'>cod.</span> <span class='ocrx_word' id='word_1_198' title='bbox 335 1922 673 1966; x_wconf 85' lang='lat' dir='ltr'>Ambrosianus</span> <span class='ocrx_word' id='word_1_199' title='bbox 705 1922 754 1964; x_wconf 80' lang='lat' dir='ltr'>M</span> <span class='ocrx_word' id='word_1_200' title='bbox 779 1928 803 1966; x_wconf 88' lang='grc'><strong>9</strong></span> <span class='ocrx_word' id='word_1_201' title='bbox 833 1937 954 1977; x_wconf 60' lang='lat' dir='ltr'>sup„</span> <span class='ocrx_word' id='word_1_202' title='bbox 987 1922 1179 1966; x_wconf 87' lang='lat' dir='ltr'>membr.</span> <span class='ocrx_word' id='word_1_203' title='bbox 1215 1936 1334 1968; x_wconf 79' lang='lat' dir='ltr'>saec,</span> <span class='ocrx_word' id='word_1_204' title='bbox 1361 1922 1610 1980; x_wconf 75' lang='lat' dir='ltr'>XIIsXIII,</span> <span class='ocrx_word' id='word_1_205' title='bbox 1651 1923 1802 1968; x_wconf 84' lang='lat' dir='ltr'>rarius</span> 
     </span>
     <span class='ocr_line' id='line_1_30' title="bbox 203 1981 459 2026; baseline 0.004 -2"><span class='ocrx_word' id='word_1_206' title='bbox 203 1981 459 2026; x_wconf 81' lang='lat' dir='ltr'>adhibitus,</span> 
     </span>
    </p>

    <p class='ocr_par' dir='ltr' id='par_1_16' title="bbox 115 2040 690 2085">
     <span class='ocr_line' id='line_1_31' title="bbox 115 2040 690 2085; baseline -0.002 0"><span class='ocrx_word' id='word_1_207' title='bbox 115 2044 167 2085; x_wconf 65' lang='lat'>3:</span> <span class='ocrx_word' id='word_1_208' title='bbox 202 2041 386 2085; x_wconf 86' lang='lat' dir='ltr'>codices</span> <span class='ocrx_word' id='word_1_209' title='bbox 420 2040 690 2084; x_wconf 85' lang='lat' dir='ltr'>deteriores.</span> 
     </span>
    </p>
   </div>
   <div class='ocr_carea' id='block_1_6' title="bbox 98 2142 1805 2973">
    <p class='ocr_par' dir='ltr' id='par_1_17' title="bbox 172 2142 1460 2200">
     <span class='ocr_line' id='line_1_32' title="bbox 172 2142 1460 2200; baseline -0.001 -12"><span class='ocrx_word' id='word_1_210' title='bbox 172 2145 193 2188; x_wconf 95' lang='lat' dir='ltr'>I</span> <span class='ocrx_word' id='word_1_211' title='bbox 277 2144 637 2200; x_wconf 86' lang='lat' dir='ltr'>Inscriptionem</span> <span class='ocrx_word' id='word_1_212' title='bbox 668 2144 747 2188; x_wconf 79' lang='lat' dir='ltr'>Ad</span> <span class='ocrx_word' id='word_1_213' title='bbox 779 2143 1069 2188; x_wconf 75' lang='lat' dir='ltr'>Stilichonem</span> <span class='ocrx_word' id='word_1_214' title='bbox 1102 2158 1157 2187; x_wconf 86' lang='lat' dir='ltr'>ex</span> <span class='ocrx_word' id='word_1_215' title='bbox 1188 2142 1225 2185; x_wconf 90' lang='lat' dir='ltr'>E</span> <span class='ocrx_word' id='word_1_216' title='bbox 1258 2143 1460 2188; x_wconf 88' lang='lat' dir='ltr'>restitui.</span> 
     </span>
    </p>

    <p class='ocr_par' dir='ltr' id='par_1_18' title="bbox 125 2202 1805 2438">
     <span class='ocr_line' id='line_1_33' title="bbox 125 2202 1805 2259; baseline -0.001 -11"><span class='ocrx_word' id='word_1_217' title='bbox 125 2204 190 2248; x_wconf 93' lang='lat' dir='ltr'>VI</span> <span class='ocrx_word' id='word_1_218' title='bbox 215 2210 238 2248; x_wconf 91' lang='grc'>2</span> <span class='ocrx_word' id='word_1_219' title='bbox 274 2206 400 2248; x_wconf 85' lang='lat' dir='ltr'>recte</span> <span class='ocrx_word' id='word_1_220' title='bbox 432 2203 608 2246; x_wconf 89' lang='lat' dir='ltr'>Birtius</span> <span class='ocrx_word' id='word_1_221' title='bbox 648 2202 890 2246; x_wconf 82' lang='lat' dir='ltr'>coniunxit</span> <span class='ocrx_word' id='word_1_222' title='bbox 922 2216 1011 2259; x_wconf 76' lang='lat' dir='ltr'>pro</span> <span class='ocrx_word' id='word_1_223' title='bbox 1052 2205 1236 2259; x_wconf 75' lang='lat' dir='ltr'>cuspide</span> <span class='ocrx_word' id='word_1_224' title='bbox 1273 2204 1389 2257; x_wconf 78' lang='lat' dir='ltr'>ferri</span> <span class='ocrx_word' id='word_1_225' title='bbox 1429 2208 1593 2247; x_wconf 70' lang='lat' dir='ltr'>cuncta</span> <span class='ocrx_word' id='word_1_226' title='bbox 1631 2205 1805 2247; x_wconf 71' lang='lat' dir='ltr'>volant.</span> 
     </span>
     <span class='ocr_line' id='line_1_34' title="bbox 271 2261 1801 2318; baseline -0.003 -10"><span class='ocrx_word' id='word_1_227' title='bbox 271 2265 424 2308; x_wconf 81' lang='lat' dir='ltr'>volare</span> <span class='ocrx_word' id='word_1_228' title='bbox 457 2263 580 2306; x_wconf 90' lang='lat' dir='ltr'>enim</span> <span class='ocrx_word' id='word_1_229' title='bbox 612 2262 748 2306; x_wconf 89' lang='lat' dir='ltr'>unice</span> <span class='ocrx_word' id='word_1_230' title='bbox 781 2263 982 2317; x_wconf 78' lang='lat' dir='ltr'>quadrat</span> <span class='ocrx_word' id='word_1_231' title='bbox 1014 2261 1075 2304; x_wconf 88' lang='lat' dir='ltr'>ad</span> <span class='ocrx_word' id='word_1_232' title='bbox 1107 2261 1372 2318; x_wconf 86' lang='lat' dir='ltr'>cuspidem,</span> <span class='ocrx_word' id='word_1_233' title='bbox 1407 2263 1454 2305; x_wconf 88' lang='lat' dir='ltr'>et</span> <span class='ocrx_word' id='word_1_234' title='bbox 1484 2261 1670 2305; x_wconf 88' lang='lat' dir='ltr'>tollitur</span> <span class='ocrx_word' id='word_1_235' title='bbox 1701 2262 1801 2305; x_wconf 91' lang='lat' dir='ltr'>uni-</span> 
     </span>
     <span class='ocr_line' id='line_1_35' title="bbox 272 2320 1800 2379; baseline 0 -14"><span class='ocrx_word' id='word_1_236' title='bbox 272 2322 510 2379; x_wconf 86' lang='lat' dir='ltr'>formitas,</span> <span class='ocrx_word' id='word_1_237' title='bbox 551 2336 644 2378; x_wconf 90' lang='lat' dir='ltr'>qua</span> <span class='ocrx_word' id='word_1_238' title='bbox 677 2321 891 2378; x_wconf 84' lang='lat' dir='ltr'>singulae</span> <span class='ocrx_word' id='word_1_239' title='bbox 926 2320 1189 2364; x_wconf 83' lang='lat' dir='ltr'>sententiae</span> <span class='ocrx_word' id='word_1_240' title='bbox 1232 2320 1441 2377; x_wconf 86' lang='lat' dir='ltr'>singulos</span> <span class='ocrx_word' id='word_1_241' title='bbox 1474 2335 1637 2365; x_wconf 83' lang='lat' dir='ltr'>versus</span> <span class='ocrx_word' id='word_1_242' title='bbox 1678 2335 1800 2365; x_wconf 85' lang='lat' dir='ltr'>com-</span> 
     </span>
     <span class='ocr_line' id='line_1_36' title="bbox 272 2381 481 2438; baseline 0 -14"><span class='ocrx_word' id='word_1_243' title='bbox 272 2381 481 2438; x_wconf 85' lang='lat' dir='ltr'>plebant.</span> 
     </span>
    </p>

    <p class='ocr_par' dir='ltr' id='par_1_19' title="bbox 98 2438 1805 2721">
     <span class='ocr_line' id='line_1_37' title="bbox 98 2438 1801 2495; baseline -0.001 -10"><span class='ocrx_word' id='word_1_244' title='bbox 98 2440 187 2486; x_wconf 93' lang='lat' dir='ltr'>VII</span> <span class='ocrx_word' id='word_1_245' title='bbox 279 2441 337 2484; x_wconf 91' lang='lat' dir='ltr'>de</span> <span class='ocrx_word' id='word_1_246' title='bbox 385 2440 615 2484; x_wconf 89' lang='lat' dir='ltr'>divisione</span> <span class='ocrx_word' id='word_1_247' title='bbox 661 2439 799 2483; x_wconf 88' lang='lat' dir='ltr'>huius</span> <span class='ocrx_word' id='word_1_248' title='bbox 849 2439 1067 2483; x_wconf 83' lang='lat' dir='ltr'>carminis</span> <span class='ocrx_word' id='word_1_249' title='bbox 1116 2439 1172 2483; x_wconf 83' lang='lat' dir='ltr'>cf.</span> <span class='ocrx_word' id='word_1_250' title='bbox 1213 2438 1352 2482; x_wconf 88' lang='lat' dir='ltr'>Birtii</span> <span class='ocrx_word' id='word_1_251' title='bbox 1397 2439 1543 2495; x_wconf 88' lang='lat' dir='ltr'>praef.</span> <span class='ocrx_word' id='word_1_252' title='bbox 1584 2454 1628 2495; x_wconf 89' lang='lat' dir='ltr'>p.</span> <span class='ocrx_word' id='word_1_253' title='bbox 1662 2439 1801 2484; x_wconf 82' lang='lat' dir='ltr'>LXII.</span> 
     </span>
     <span class='ocr_line' id='line_1_38' title="bbox 274 2498 1805 2555; baseline -0.001 -12"><span class='ocrx_word' id='word_1_254' title='bbox 274 2499 516 2544; x_wconf 84' lang='lat' dir='ltr'>debuisset</span> <span class='ocrx_word' id='word_1_255' title='bbox 553 2499 635 2543; x_wconf 89' lang='lat' dir='ltr'>ille</span> <span class='ocrx_word' id='word_1_256' title='bbox 674 2499 748 2543; x_wconf 82' lang='lat' dir='ltr'>vir</span> <span class='ocrx_word' id='word_1_257' title='bbox 792 2499 956 2543; x_wconf 90' lang='lat' dir='ltr'>doctus</span> <span class='ocrx_word' id='word_1_258' title='bbox 1007 2499 1206 2542; x_wconf 86' lang='lat' dir='ltr'>alteram</span> <span class='ocrx_word' id='word_1_259' title='bbox 1245 2500 1428 2555; x_wconf 88' lang='lat' dir='ltr'>partem</span> <span class='ocrx_word' id='word_1_260' title='bbox 1468 2512 1660 2542; x_wconf 89' lang='lat' dir='ltr'>numero</span> <span class='ocrx_word' id='word_1_261' title='bbox 1692 2498 1805 2542; x_wconf 89' lang='lat' dir='ltr'>VIII</span> 
     </span>
     <span class='ocr_line' id='line_1_39' title="bbox 275 2557 1803 2616; baseline -0.001 -13"><span class='ocrx_word' id='word_1_262' title='bbox 275 2560 461 2616; x_wconf 83' lang='lat' dir='ltr'>signare</span> <span class='ocrx_word' id='word_1_263' title='bbox 494 2573 643 2614; x_wconf 90' lang='lat' dir='ltr'>eaque</span> <span class='ocrx_word' id='word_1_264' title='bbox 673 2558 858 2602; x_wconf 88' lang='lat' dir='ltr'>ratione</span> <span class='ocrx_word' id='word_1_265' title='bbox 890 2557 1263 2601; x_wconf 89' lang='lat' dir='ltr'>numerationem</span> <span class='ocrx_word' id='word_1_266' title='bbox 1309 2557 1567 2602; x_wconf 88' lang='lat' dir='ltr'>carminum</span> <span class='ocrx_word' id='word_1_267' title='bbox 1607 2571 1803 2614; x_wconf 83' lang='lat' dir='ltr'>sequen—</span> 
     </span>
     <span class='ocr_line' id='line_1_40' title="bbox 273 2616 1803 2674; baseline -0.001 -13"><span class='ocrx_word' id='word_1_268' title='bbox 273 2618 393 2662; x_wconf 91' lang='lat' dir='ltr'>tium</span> <span class='ocrx_word' id='word_1_269' title='bbox 424 2620 620 2662; x_wconf 88' lang='lat' dir='ltr'>mutare.</span> <span class='ocrx_word' id='word_1_270' title='bbox 677 2617 804 2674; x_wconf 87' lang='lat' dir='ltr'>quod</span> <span class='ocrx_word' id='word_1_271' title='bbox 840 2632 964 2661; x_wconf 90' lang='lat' dir='ltr'>nunc</span> <span class='ocrx_word' id='word_1_272' title='bbox 995 2630 1054 2660; x_wconf 86' lang='lat' dir='ltr'>ne</span> <span class='ocrx_word' id='word_1_273' title='bbox 1087 2630 1174 2673; x_wconf 87' lang='lat' dir='ltr'>ego</span> <span class='ocrx_word' id='word_1_274' title='bbox 1208 2616 1399 2673; x_wconf 87' lang='lat' dir='ltr'>quidem</span> <span class='ocrx_word' id='word_1_275' title='bbox 1437 2616 1550 2674; x_wconf 83' lang='lat' dir='ltr'>feci,</span> <span class='ocrx_word' id='word_1_276' title='bbox 1590 2630 1650 2661; x_wconf 87' lang='grc'>116</span> <span class='ocrx_word' id='word_1_277' title='bbox 1690 2617 1803 2660; x_wconf 88' lang='lat' dir='ltr'>novi</span> 
     </span>
     <span class='ocr_line' id='line_1_41' title="bbox 275 2676 1064 2721; baseline -0.001 0"><span class='ocrx_word' id='word_1_278' title='bbox 275 2677 455 2721; x_wconf 89' lang='lat' dir='ltr'>numeri</span> <span class='ocrx_word' id='word_1_279' title='bbox 487 2677 743 2721; x_wconf 87' lang='lat' dir='ltr'>lectoribus</span> <span class='ocrx_word' id='word_1_280' title='bbox 776 2676 1064 2721; x_wconf 89' lang='lat' dir='ltr'>offerrentur.</span> 
     </span>
    </p>

    <p class='ocr_par' dir='ltr' id='par_1_20' title="bbox 102 2734 1805 2973">
     <span class='ocr_line' id='line_1_42' title="bbox 216 2734 1805 2795; baseline -0.003 -13"><span class='ocrx_word' id='word_1_281' title='bbox 216 2743 242 2782; x_wconf 90' lang='lat'><strong>3</strong></span> <span class='ocrx_word' id='word_1_282' title='bbox 283 2737 522 2795; x_wconf 70' lang='lat' dir='ltr'>Unanimi]</span> <span class='ocrx_word' id='word_1_283' title='bbox 556 2751 660 2780; x_wconf 89' lang='lat' dir='ltr'>cum</span> <span class='ocrx_word' id='word_1_284' title='bbox 693 2736 782 2779; x_wconf 89' lang='lat' dir='ltr'>EA</span> <span class='ocrx_word' id='word_1_285' title='bbox 811 2735 970 2792; x_wconf 91' lang='lat' dir='ltr'>refeci,</span> <span class='ocrx_word' id='word_1_286' title='bbox 1003 2750 1096 2791; x_wconf 87' lang='lat' dir='ltr'>qua</span> <span class='ocrx_word' id='word_1_287' title='bbox 1128 2735 1186 2779; x_wconf 90' lang='lat' dir='ltr'>de</span> <span class='ocrx_word' id='word_1_288' title='bbox 1210 2749 1259 2779; x_wconf 89' lang='lat' dir='ltr'>re</span> <span class='ocrx_word' id='word_1_289' title='bbox 1292 2735 1350 2780; x_wconf 88' lang='lat' dir='ltr'>cf.</span> <span class='ocrx_word' id='word_1_290' title='bbox 1376 2749 1497 2792; x_wconf 85' lang='lat' dir='ltr'>quae</span> <span class='ocrx_word' id='word_1_291' title='bbox 1522 2734 1717 2791; x_wconf 82' lang='lat' dir='ltr'>exposui</span> <span class='ocrx_word' id='word_1_292' title='bbox 1743 2734 1805 2778; x_wconf 88' lang='lat' dir='ltr'>ad</span> 
     </span>
     <span class='ocr_line' id='line_1_43' title="bbox 275 2797 536 2841; baseline 0.004 -3"><span class='ocrx_word' id='word_1_293' title='bbox 275 2797 410 2841; x_wconf 90' lang='lat' dir='ltr'>Prob.</span> <span class='ocrx_word' id='word_1_294' title='bbox 437 2801 536 2841; x_wconf 89' lang='grc'>231.</span> 
     </span>
     <span class='ocr_line' id='line_1_44' title="bbox 102 2853 1382 2914; baseline -0.002 -14"><span class='ocrx_word' id='word_1_295' title='bbox 102 2856 167 2899; x_wconf 86' lang='grc' dir='ltr'>ΪΧ</span> <span class='ocrx_word' id='word_1_296' title='bbox 191 2860 247 2900; x_wconf 91' lang='grc'>29</span> <span class='ocrx_word' id='word_1_297' title='bbox 279 2856 448 2914; x_wconf 74' lang='lat' dir='ltr'>twmor]</span> <span class='ocrx_word' id='word_1_298' title='bbox 482 2857 618 2900; x_wconf 77' lang='lat' dir='ltr'>timor</span> <span class='ocrx_word' id='word_1_299' title='bbox 648 2854 880 2911; x_wconf 86' lang='lat' dir='ltr'>meliores,</span> <span class='ocrx_word' id='word_1_300' title='bbox 913 2855 1040 2912; x_wconf 89' lang='lat' dir='ltr'>quod</span> <span class='ocrx_word' id='word_1_301' title='bbox 1069 2869 1164 2898; x_wconf 89' lang='lat' dir='ltr'>non</span> <span class='ocrx_word' id='word_1_302' title='bbox 1197 2853 1382 2898; x_wconf 84' lang='lat' dir='ltr'>sufficit.</span> 
     </span>
     <span class='ocr_line' id='line_1_45' title="bbox 191 2913 1391 2973; baseline -0.003 -13"><span class='ocrx_word' id='word_1_303' title='bbox 191 2920 246 2961; x_wconf 91' lang='lat'>33</span> <span class='ocrx_word' id='word_1_304' title='bbox 278 2921 511 2973; x_wconf 76' lang='lat' dir='ltr'>servatque</span> <span class='ocrx_word' id='word_1_305' title='bbox 542 2916 757 2973; x_wconf 73' lang='lat' dir='ltr'>tenorem]</span> <span class='ocrx_word' id='word_1_306' title='bbox 792 2914 848 2958; x_wconf 89' lang='lat' dir='ltr'>cf</span> <span class='ocrx_word' id='word_1_307' title='bbox 881 2928 1048 2971; x_wconf 87' lang='lat' dir='ltr'>paneg.</span> <span class='ocrx_word' id='word_1_308' title='bbox 1083 2913 1218 2959; x_wconf 88' lang='lat' dir='ltr'>Prob.</span> <span class='ocrx_word' id='word_1_309' title='bbox 1251 2928 1292 2958; x_wconf 86' lang='lat' dir='ltr'>v.</span> <span class='ocrx_word' id='word_1_310' title='bbox 1321 2918 1391 2959; x_wconf 89' lang='lat'>17.</span> 
     </span>
    </p>
   </div>
  </div>
 </body>
</html>
