2085 3215
391 110 594 168 (XVIII.)
624 111 693 155 IN
723 111 1085 156 EVTROPIVM
1115 110 1297 154 LIBER-
1326 110 1569 156 PRIMVS.
1753 112 1823 166 59

113 248 404 300 Diversum
445 247 723 316 suspendit
763 265 920 317 onus3
962 265 1082 299 cum
1121 246 1354 315 pondere
1393 246 1554 299 iudex

116 321 333 391 Vergit,
374 324 426 374 et
465 321 523 373 in
561 321 802 391 geminas
841 324 999 373 nutat
1038 321 1314 389 provincia
1354 321 1547 373 lances

228 394 358 447 Non
396 395 561 463 pudet
600 395 720 465 heu,
760 395 955 463 superi,
993 394 1226 462 populos
1266 395 1445 446 venire
1487 395 1587 447 sub
1627 394 1822 448 hasta‘.>

116 468 414 521 Vendentis
456 472 596 521 certe
636 468 847 537 pudeat.
927 468 1042 531 Quo
1083 469 1197 520 iure
1240 469 1511 536 sepultum
1736 483 1819 522 211

114 542 447 611 Mancipium
485 546 570 595 tot
608 561 773 613 regna
813 546 983 611 tenet,
1022 546 1106 594 tot
1147 542 1399 594 distrahit
1439 543 1638 595 urbes?

112 616 419 669 Pollentem
459 617 595 669 solio
638 615 896 668 Croesum
934 616 1161 669 victoria
1203 615 1330 684 Cyri

114 689 325 761 Fregit,
364 695 426 743 ut
466 690 709 743 eunucho
750 691 940 743 flueret
978 690 1233 742 Pactolus
1275 693 1327 742 et
1366 689 1638 743 Hermus?

113 764 337 817 Attalus
376 764 624 817 heredem
662 765 836 817 voluit
876 768 952 834 te,
992 764 1187 833 Roma,
1227 764 1482 834 relinqui,
1736 779 1821 818 215

114 839 341 891 Restitit
379 837 683 891 Antiochus
723 839 1056 907 praescripto
1097 838 1338 908 margine
1378 837 1565 908 Tauri,

112 911 414 965 Indomitos
456 932 614 965 curru
655 912 913 965 Servilius
955 913 1066 983 egit
1105 911 1322 964 Isauros

113 986 191 1039 Et
229 986 438 1039 Pharos
477 987 729 1058 Augusto
769 988 935 1039 iacuit
974 987 1061 1039 vel
1103 986 1261 1039 Creta
1300 985 1545 1056 Metello,

115 1060 199 1114 Ne
238 1079 351 1113 non
388 1061 657 1129 Eutropio
701 1065 957 1130 quaestus
995 1061 1336 1113 numerosior
1375 1062 1553 1114 esset?

112 1133 179 1187 In
217 1153 448 1187 mercem
486 1136 708 1188 veniunt
752 1135 966 1205 CiliceS,
1006 1134 1224 1204 Iudaea,
1265 1133 1512 1203 Sophene
1734 1150 1821 1189 220

112 1209 496 1277 Romanusque
535 1210 691 1261 labor
729 1209 1149 1278 Pompeianique
1189 1209 1465 1277 triumphi.

227 1283 342 1346 Quo
384 1284 549 1336 struis
589 1284 690 1335 hos
730 1284 846 1335 auri
888 1284 1167 1335 cumulos?
1210 1301 1344 1351 quae
1384 1283 1613 1353 pignora
1652 1284 1820 1336 tantis

111 1356 410 1410 Succedent
451 1358 682 1426 opibus?
759 1357 949 1411 Nubas
992 1358 1218 1409 ducasve
1258 1357 1464 1409 licebit:

111 1430 425 1499 Numquam
456 1435 628 1483 mater
657 1432 776 1500 eriS,
806 1450 1103 1499 numquam
1134 1434 1309 1499 pater3
1342 1431 1445 1483 hoc
1476 1432 1579 1484 tibi
1603 1432 1821 1501 ferrum,

111 1505 233 1557 Hoc
270 1509 466 1557 natura
505 1509 682 1576 negat.
762 1505 835 1557 Te
875 1505 1171 1576 grandibus
1211 1503 1363 1557 India
1403 1506 1630 1576 gemmis
1641 1550 1654 1575 ,
1735 1521 1819 1559 225

113 1579 188 1631 Te
229 1579 376 1631 foliis
415 1578 623 1631 Arabes
665 1580 859 1647 ditent,
899 1583 952 1631 te
991 1579 1187 1631 vellere
1229 1578 1405 1631 Seres:

110 1652 313 1706 Nullus
351 1653 509 1722 inops
550 1654 680 1705 adeo
691 1697 704 1723 ,
742 1654 954 1705 nullum
996 1654 1072 1705 sic
1110 1657 1268 1723 urget
1309 1657 1544 1724 egestaS,

112 1726 189 1779 Vt
228 1727 360 1779 velit
398 1727 653 1796 Eutropii
693 1727 969 1783 fortrmam
1009 1731 1062 1779 et
1101 1727 1342 1779 membra
1382 1727 1595 1796 pacisci.

227 1800 447 1869 Iamque
489 1802 660 1853 oblita
701 1802 784 1853 sui
822 1820 920 1854 nec
962 1802 1143 1853 sobria
1184 1802 1386 1853 divitiis
1426 1819 1577 1853 mens

114 1873 180 1926 In
218 1875 441 1927 miseras
480 1876 627 1946 leges
667 1876 1054 1944 hominumque
1092 1876 1312 1946 negotia
1352 1875 1504 1927 ludit.
1734 1889 1820 1929 230

113 1948 323 2000 Iudicat
363 1950 661 2019 eunuchus3
702 1950 831 2018 quid
868 1951 976 2002 iam
1016 1950 1078 2002 de
1120 1950 1338 2002 consule
1377 1949 1580 2001 miror?

114 2022 452 2093 Prodigium,
494 2024 866 2091 quodcumque
905 2024 1059 2094 gerit.
1139 2023 1283 2086 Quae
1323 2024 1521 2094 pagina
1561 2023 1685 2075 lites

115 2096 206 2149 Sic
245 2100 392 2149 actas
431 2097 712 2149 meminit?
753 2097 949 2164 quibus
988 2116 1245 2165 umquam
1284 2098 1495 2149 saecula
1535 2098 1693 2149 terris

114 2170 367 2223 Eunuchi
406 2171 582 2222 videre
623 2171 837 2222 forum?
916 2170 1019 2223 Sed
1056 2189 1123 2223 ne
1165 2189 1269 2239 qua
1308 2174 1521 2223 vacaret

115 2245 248 2297 Pars
287 2245 585 2315 ignominia
623 2263 729 2296 neu
770 2245 898 2313 quid
936 2248 1164 2297 restaret
1202 2245 1474 2313 inausum,
1732 2258 1818 2298 235

116 2318 284 2371 Arma
323 2319 486 2371 etiam
523 2319 725 2371 violare
766 2323 920 2387 parat
960 2322 1317 2387 portentaque
1356 2319 1615 2370 monstris

117 2393 360 2464 Aggerat
400 2397 453 2445 et
493 2411 674 2445 secum
712 2394 962 2461 petulans
1003 2393 1236 2445 amentia
1277 2396 1459 2444 certat.

116 2468 354 2520 Erubuit
393 2467 610 2519 Mavors
651 2486 941 2536 aversaque
981 2468 1102 2519 risit
1141 2467 1299 2535 Enyo

54 2543 58 2545 “
118 2541 362 2593 Dedecus
401 2541 602 2610 Eoum,
644 2542 892 2610 quotiens
932 2542 1140 2594 intenta
1181 2541 1396 2611 sagittis

118 2616 194 2668 Et
232 2615 486 2683 pharetra
525 2616 740 2686 fulgens
782 2634 916 2668 anus
957 2618 1232 2668 exercetur
1271 2613 1515 2666 Amazon
1734 2629 1820 2669 240

118 2688 341 2741 Arbiter
381 2693 474 2741 aut
514 2690 764 2758 quotiens
804 2690 934 2741 belli
972 2690 1225 2758 pacisque
1264 2689 1490 2740 recurrit

119 2762 555 2831 Adloquiturque
597 2762 774 2816 Getas
854 2763 1063 2816 Gaudet
1104 2782 1224 2814 cum
1263 2763 1455 2815 viderit
1495 2762 1670 2815 hostis

118 2837 194 2889 Et
235 2838 399 2889 sentit
437 2837 546 2889 iam
586 2838 766 2890 deesse
805 2838 964 2890 viros.
1042 2836 1293 2889 Incendia
1332 2837 1566 2906 fumant,

119 2910 291 2964 Muris
329 2911 480 2964 nulla
519 2911 651 2964 fides
661 2956 674 2983 ,
714 2913 963 2980 squalent
1002 2910 1352 2980 populatibus
1392 2911 1510 2982 agri
