2044 3220
188 177 296 229 156
738 171 980 217 CLAVDH
1012 171 1344 216 CLAVDIANI

186 309 445 380 Fabulis,
487 309 703 378 quantis
743 309 969 360 fluerent
1008 307 1318 360 fornacibus
1358 325 1480 360 aera

191 385 421 455 Effigies
464 383 688 436 ductura
726 386 872 451 tuas⁷
912 382 1031 450 quis
1072 382 1254 434 devius
1295 385 1436 433 esset

189 458 439 529 Angulus
481 462 573 509 aut
613 457 761 528 regio
803 474 936 524 quae
975 474 1084 507 non
1122 474 1220 524 pro
1259 455 1478 507 numine
1517 456 1700 509 vultus

188 533 430 584 Dilectos
472 532 692 600 coleret⁷
731 530 895 582 talem
932 530 990 581 ni
1032 548 1238 598 semper
1276 529 1536 581 honorem
1797 544 1883 584 180

188 606 526 674 Respueres‘?
587 605 765 656 Decus
804 604 907 655 hoc
946 604 1142 672 rapiat⁷
1184 621 1341 671 quem
1380 603 1518 655 falsa
1556 604 1843 656 timentum

188 679 412 732 Munera
453 679 746 748 decipiunt,
787 678 878 746 qui
919 696 973 729 se
1015 677 1211 728 diffidit
1251 677 1431 729 amari.

188 753 305 805 Hoc
349 753 496 805 solus
537 753 799 821 sprevisse
839 755 1034 820 potest7
1075 751 1166 818 qui
1205 751 1319 802 iure
1359 754 1606 804 meretur.

301 826 552 894 Vndique
592 826 758 896 legati
796 829 1088 893 properant
1128 825 1415 894 generique
1457 825 1556 876 sub
1598 843 1688 877 ore

189 899 254 953 In
292 905 385 952 tua
428 904 676 952 centenas
718 903 907 968 optant
946 899 1229 966 praeconia
1268 916 1439 951 voces,
1801 912 1882 953 185

193 973 384 1027 Grates
426 973 614 1026 Gallus
655 974 790 1043 agit,
831 973 974 1041 quod
1012 973 1182 1024 limite
1222 976 1374 1024 tutus
1413 973 1604 1025 inermi

189 1048 264 1100 Et
303 1051 546 1100 metuens
585 1047 783 1099 hostile
821 1046 959 1098 nihil
996 1065 1135 1098 nova
1177 1047 1408 1098 culmina
1447 1046 1579 1099 totis

190 1121 455 1174 Aedificat
494 1122 626 1189 ripis
667 1124 720 1172 et
760 1138 976 1172 saevum
1015 1120 1268 1190 gentibus
1308 1138 1517 1172 amnem

190 1195 481 1263 Thybridis
519 1195 577 1246 in
615 1212 819 1246 morem
860 1194 1106 1245 domibus
1145 1194 1417 1261 praevelat
1457 1194 1707 1246 amoenis,

189 1268 331 1321 Hinc
369 1268 538 1321 Poeni
578 1268 854 1320 cumulant
892 1267 1102 1337 laudes,
1143 1267 1286 1335 quod
1324 1286 1449 1319 rura
1488 1272 1718 1336 tyranno
1800 1281 1884 1321 190

189 1343 383 1395 Libera
421 1342 757 1411 possideant3
796 1341 923 1393 hinc
963 1341 1239 1393 obsidione
1280 1342 1490 1394 solutus

189 1416 502 1469 Pannonius
541 1419 806 1485 potorque
848 1414 994 1485 Savi,
1035 1415 1178 1483 quod
1218 1415 1397 1467 clausa
1435 1419 1520 1468 tot
1559 1415 1712 1467 annis

193 1489 401 1559 Oppida
440 1490 635 1542 laxatis
676 1507 838 1541 ausus
877 1489 984 1540 iam
1023 1489 1252 1558 pandere
1291 1489 1464 1558 portis

192 1564 429 1616 Rursum
470 1567 588 1616 cote
625 1567 791 1615 novat
829 1564 1013 1633 nigras
1053 1563 1301 1633 rubigine
1341 1563 1505 1615 falces

191 1637 505 1705 Exesosque
547 1638 654 1689 situ
696 1637 840 1707 cogit
881 1637 1155 1704 splendere
1195 1637 1404 1707 ligones
1799 1651 1882 1691 195

191 1709 562 1781 Agnoscitque
604 1728 752 1762 casas
793 1714 845 1761 et
886 1710 1115 1761 collibus
1157 1711 1339 1761 oscula
1376 1711 1522 1762 notis

190 1783 338 1855 Figit
379 1788 430 1836 et
469 1785 730 1853 impresso
771 1783 977 1854 glaebis
1016 1802 1126 1835 11011
1166 1784 1332 1835 credit
1371 1787 1571 1853 aratro,

191 1858 567 1927 Exsectisque‚
606 1857 811 1909 inculta
851 1857 1050 1909 dabant
1092 1875 1224 1925 quas
1266 1858 1498 1927 saecula,
1539 1858 1688 1910 silvis

192 1931 454 1984 Restituit
493 1936 664 1984 terras
705 1935 757 1983 et
799 1949 1022 1999 opacum
1061 1931 1264 1983 vitibus
1303 1930 1553 1983 Histrum

196 2004 440 2058 Conserit
482 2010 533 2057 et
572 2006 808 2073 patrium
846 2005 1078 2075 vectigal
1119 2005 1323 2057 solvere
1362 2005 1581 2076 gaudet,
1796 2019 1884 2060 200

191 2077 433 2131 Inmunis
475 2080 567 2147 qui
607 2079 753 2131 clade
792 2078 909 2131 fuit
973 2078 1045 2130 Te
1087 2079 1288 2147 sospite
1326 2079 1408 2130 fas
1449 2082 1531 2131 est

191 2152 243 2204 V
246 2157 461 2205 exatum
500 2153 662 2205 laceri
703 2171 896 2221 corpus
934 2153 1271 2205 iuvenescere
1311 2153 1476 2236 regni.

194 2225 304 2278 Sub
344 2231 428 2279 tot
466 2227 800 2295 principibus
842 2244 1206 2295 quaecumque
1247 2227 1522 2278 amisimus
1563 2227 1714 2297 olim,

192 2299 272 2352 Tu
312 2300 503 2353 reddis,
565 2299 692 2352 Solo
732 2300 932 2368 poterit
974 2299 1267 2352 Stilichone
1306 2300 1550 2352 medente

195 2372 441 2426 Crescere
478 2374 782 2426 Romanum
821 2374 1016 2425 vulnus
1056 2377 1263 2426 tectura
1303 2375 1545 2443 cicatrix3
1794 2388 1881 2428 205

191 2445 359 2515 Inque
401 2466 526 2499 suos
566 2447 782 2499 tandem
820 2448 954 2499 fines
992 2447 1246 2500 redeunte
1287 2448 1476 2500 colono

191 2519 424 2589 Illyricis
463 2522 658 2573 iterum
698 2520 960 2573 ditabitur
999 2521 1122 2572 aula
1160 2521 1394 2573 tributis

303 2593 417 2646 Nec
456 2598 637 2647 tamen
674 2594 909 2646 humano
951 2594 1089 2646 cedit
1128 2594 1353 2646 caeleste
1392 2594 1564 2646 favori

191 2665 474 2720 Iudicium:
516 2669 738 2739 cingunt
778 2669 955 2737 superi
996 2667 1348 2720 concordibus
1387 2686 1553 2719 unum

191 2739 480 2793 Praesidiis
520 2741 809 2810 hostesque
848 2746 973 2793 tuos
1013 2746 1106 2794 aut
1145 2742 1302 2793 litore
1344 2741 1579 2809 produnt
1793 2755 1880 2795 -210

190 2812 304 2866 Aut
343 2818 520 2866 totum
562 2816 796 2883 oppositi
837 2815 1091 2867 claudunt
1130 2815 1462 2885 fugientibus
1502 2833 1702 2883 aequor

314 2980 396 3019 198
428 2973 752 3032 Exsectisque]
789 2976 999 3031 Birtiu85
1032 2974 1243 3019 exsectis.
