2039 3235
134 130 139 135 ·
181 109 418 152 XXXVIII
632 106 1104 152 ADNOTATIONES
1138 105 1424 152 CRITICAE.

202 245 289 285 300
320 241 512 297 rudant]
550 240 607 283 de
639 239 727 282 hac
765 239 965 282 lectione
1006 239 1114 282 vide
1145 239 1283 282 Birtii
1323 239 1696 295 adnotationem,
1745 253 1864 295 quae

319 299 462 342 etiam
490 312 544 342 eo
570 298 884 341 commendari
908 297 1108 353 videtur,
1141 297 1263 353 quod
1289 298 1485 351 leonem,
1520 297 1600 352 qui
1627 298 1866 354 perfossus

317 357 425 411 ruit,
451 371 544 400 non
569 357 814 412 pallebunt
836 356 1068 410 homines3
1095 357 1288 412 pallent,
1317 356 1358 399 si
1382 356 1582 400 audiunt
1604 357 1866 402 rudentem.

201 420 436 459 311-324
469 415 525 459 (16
556 415 724 459 horum
755 429 971 459 versuum
1003 415 1341 471 compositione
1375 417 1422 458 et
1454 428 1630 459 conexu
1663 415 1719 462 cf.
1747 429 1867 472 quae

322 474 515 530 exposui
547 474 598 517 in
628 474 872 531 Philologo
906 477 1015 519 tom.
1042 474 1188 517 XLIX
1219 489 1262 529 p.
1293 479 1376 517 744
1397 488 1461 529 sq.

634 651 715 703 De
756 651 1039 704 consulatu
1080 649 1409 703 Stilichonis,
1450 659 1455 665 '

175 767 201 810 I
230 770 283 810 16
309 767 421 823 plus
451 768 671 825 splendet]
721 781 776 810 ex
813 769 863 810 H
902 765 1221 832 recipiendum
1268 766 1567 824 existumavi3
1614 767 1867 824 respondet

316 825 439 868 enim
472 841 537 869 610
571 827 745 882 optime
787 825 940 869 versui
981 824 1216 880 sequenti,
1266 825 1348 869 ubi
1381 827 1489 883 plus
1527 828 1618 885 eyit
1655 828 1866 875 inermis:

316 886 455 939 atque
488 885 630 928 etiam
655 900 696 929 v.
721 890 775 928 14
800 885 953 928 verbis
978 885 1284 941 quodcumque
1306 886 1577 942 relinquam,
1608 887 1757 930 maius
1781 887 1868 930 erit

315 944 666 987 commendatur
700 943 1060 999 comparativus.

227 1004 280 1043 82
314 1003 512 1060 yerebat]
539 1016 596 1046 ne
623 1002 726 1057 quis
751 1002 931 1068 legeret
954 1004 1146 1060 reyebat,
1170 1002 1353 1045 monuit
1367 1002 1436 1046 Bi.
1454 1002 1504 1045 in
1523 1003 1718 1059 praefip
1724 1001 1861 1048 ..CXI

199 1063 283 1103 109
316 1061 431 1118 Nec]
459 1061 668 1144 praetuli
708 1060 883 1117 quippe
922 1061 1073 1126 magis
1114 1060 1405 1105 concinnum.
1460 1062 1531 1104 V¹
1564 1018 1742 1117 deficipt,
1783 1062 1866 1106 sed

318 1133 374 1162 ex
405 1119 466 1162 P¹
503 1120 654 1164 conici
686 1120 828 1163 debet
860 1119 1001 1163 etiam
1033 1135 1084 1162 in
1114 1120 1157 1163 V
1189 1119 1398 1164 extitisse
1430 1121 1541 1165 Nee.

198 1181 281 1220 114
314 1180 587 1244 retunderet]
624 1177 721 1221 VE
742 1179 821 1234 qui
846 1179 1002 1235 gravis
1028 1179 1221 1222 testium
1245 1192 1438 1223 consens
1442 1194 1495 1223 us
1523 1179 1588 1222 sic
1613 1179 1865 1235 legendum

314 1250 414 1280 esse
445 1236 565 1279 mihi
594 1251 787 1292 persnas
770 1237 852 1291 sit,
896 1251 990 1280 non
1020 1239 1276 1282 reconderet
1307 1238 1428 1293 quod
1462 1238 1641 1282 habent
1678 1238 1862 1294 reliqui.

314 1298 362 1338 et
392 1294 512 1338 illud
545 1296 787 1339 confirmat
819 1310 890 1339 res
923 1295 1040 1352 ipsa.
1095 1309 1206 1338 nam
1239 1309 1410 1351 ensem,
1444 1312 1581 1352 quem
1613 1297 1864 1341 strinxerat

316 1354 479 1398 Stilico
523 1356 686 1398 contra
723 1355 973 1409 barbaros,
1020 1357 1255 1399 recondere
1303 1332 1491 1410 quidem
1530 1356 1723 1401 Rufinus
1771 1371 1866 1400 non

310 1413 484 1468 potuit:
534 1413 694 1457 condit
741 1414 864 1457 enim
911 1413 1123 1470 gladium
1166 1413 1206 1456 is
1253 1415 1400 1467 solus,
1449 1414 1530 1469 qui
1575 1415 1711 1471 gerit.
1783 1415 1866 1459 sed

314 1471 571 1515 hebetabat
603 1472 678 1516 vel
717 1472 1066 1516 retundebat
1097 1472 1288 1515 Rufinus
1325 1472 1561 1517 Stiliconis
1603 1487 1761 1518 ensem
1794 1488 1862 1529 eo,

312 1530 437 1585 quod
469 1545 622 1574 moras
656 1532 932 1575 obstruebat
965 1534 1011 1574 et
1042 1531 1235 1575 foedera
1267 1532 1468 1575 obsessis
1501 1533 1772 1588 praebebat.

198 1593 283 1632 174
313 1590 510 1647 nullum]
543 1590 666 1644 quod
691 1604 747 1633 ex
770 1591 866 1633 HA
889 1590 1058 1646 recepi,
1086 1591 1229 1634 etiam
1255 1590 1503 1635 adridebat
1525 1591 1696 1645 Birti03
1721 1593 1866 1637 ‘nullis

312 1647 505 1703 reliqui,
545 1649 668 1704 quod
700 1648 858 1692 durius
893 1651 940 1692 et
971 1649 1268 1692 intolerabile
1308 1649 1508 1694 videtur.
1565 1652 1699 1695 erant
1738 1651 1864 1695 enim

313 1707 566 1750 Cerauniae
606 1721 743 1763 rupes
790 1709 846 1751 ob
894 1708 1021 1763 ipsos
1065 1707 1248 1751 nimbos
1296 1707 1518 1753 famosae.
1584 1709 1644 1753 ad
1682 1711 1864 1754 nullum

314 1768 472 1809 autem
492 1765 714 1809 ‘militum
731 1769 934 1809 tuorum’
958 1780 1013 1810 ex
1030 1766 1241 1810 vers1bus
1257 1771 1342 1810 170
1361 1781 1427 1822 sq.
1446 1767 1585 1812 facile
1605 1769 1860 1825 supplebis.

195 1829 280 1867 226
314 1825 490 1882 Albim]
519 1824 801 1869 sufficienter
823 1824 1076 1881 explicavit
1093 1825 1301 1869 Bittius
1287 1841 1334 1868 111
1352 1825 1507 1871 indice
1525 1841 1559 1870 6.
1577 1842 1616 1871 v.
1641 1827 1862 1872 Gallicus.

194 1888 279 1926 263
317 1885 541 1949 Pendent]
576 1883 791 1927 meliores
823 1883 934 1927 libri
960 1884 1047 1927 VP
1082 1884 1356 1928 concinente
1385 1886 1481 1938 Em,
1515 1886 1762 1942 Splendent
1791 1900 1862 1929 re-

310 1941 448 1997 liqui3
500 1942 580 1985 sed
623 1957 727 1986 011111
759 1945 979 1999 pharetra
1020 1944 1205 1998 saepius
1246 1945 1293 1986 et
1333 1944 1598 1999 aptissime
1617 1944 1864 2001 coniungit

310 2004 452 2056 poeta
486 2015 648 2045 vocem
673 2003 869 2059 pendere
902 2003 957 2045 cf.
991 2002 1059 2045 Bi.
1094 2002 1297 2045 indicem
1330 2017 1363 2046 s.
1390 2018 1432 2047 v.
1458 2005 1693 2060 pharetra.

193 2063 280 2103 300
313 2060 532 2118 inqentes]
580 2075 683 2104 cum
730 2060 956 2104 librorum
1003 2074 1231 2104 consensu
1275 2061 1450 2104 retinui
1494 2062 1597 2107 coll.
1631 2062 1695 2105 Vl
1735 2076 1862 2107 00116.

311 2118 429 2162 Ηο11.
460 2124 542 2162 147
562 2134 628 2174 sq.
662 2121 863 2177 inqentes
896 2156 905 2164 .
933 2156 941 2164 .
975 2134 1111 2164 curas
1142 2121 1353 2165 volvebat.

192 2182 276 2221 303
314 2178 456 2236 Quae]
489 2191 647 2221 veram
681 2192 781 2221 esse
813 2178 1062 2222 lectionem
1101 2193 1184 2223 1160
1217 2193 1325 2223 vero
1365 2193 1481 2234 non,
1519 2179 1568 2222 id
1609 2181 1681 2223 est
1719 2179 1862 2223 inter-

308 2238 574 2292 rogativam
606 2251 706 2280 esse
739 2237 943 2293 amplam
967 2238 1088 2281 hanc
1111 2237 1392 2282 sententiam
1416 2238 1724 2293 persuadetur
1744 2238 1862 2281 milu'

309 2295 514 2338 intuenti
551 2312 592 2339 v.
629 2300 714 2339 309
735 2310 833 2351 sqq.
882 2296 964 2339 ubi
1005 2298 1077 2340 est
1117 2303 1224 2353 quot
1257 2333 1265 2341 .
1295 2331 1303 2339 .
1337 2298 1458 2341 oculi
1491 2333 1499 2341 .
1529 2334 1536 2341 .
1569 2297 1860 2352 sufficerent?

309 2353 517 2409 itemque
542 2353 777 2397 iudicasse
806 2355 989 2398 videtur
1012 2355 1324 2399 Buechelerus
1349 2355 1425 2410 (cf.
1446 2355 1572 2411 apud
1586 2355 1691 2412 Bi..)
1740 2370 1860 2412 quae

310 2426 414 2455 cum
452 2413 523 2456 ita
563 2413 678 2467 sint,
726 2413 1021 2469 improbatur
1058 2413 1171 2457 libri
1200 2414 1238 2457 E
1272 2414 1527 2458 auctoritas
1571 2428 1724 2470 neque
1763 2414 1860 2458 iam

311 2471 515 2537 speciem
546 2473 643 2515 veri
666 2449 812 2515 liabet
835 2487 1020 2516 versum
1045 2477 1131 2516 304
1161 2473 1338 2516 foetum
1366 2487 1465 2516 esse
1491 2473 1858 2530 interpolatoris.

309 2529 378 2572 ita
411 2530 534 2573 enim
568 2530 881 2575 concluditur:
917 2531 955 2574 si
987 2532 1022 2574 E
1056 2531 1177 2574 illud
1207 2546 1301 2576 ‘non
1331 2531 1452 2576 falso
1486 2531 1686 2588 scripsit,
1719 2546 1777 2576 ne
1809 2532 1860 2575 in

309 2601 445 2631 versu
471 2594 557 2632 304
589 2589 780 2644 quidem
813 2590 1073 2656 omittendo
1105 2590 1220 2634 fides
1255 2589 1298 2634 ei
1321 2590 1487 2634 haberi
1510 2595 1681 2647 potest,
1713 2591 1857 2635 immo

307 2646 526 2690 librarius
547 2651 774 2704 vetustus,
800 2648 911 2704 quia
933 2649 1009 2692 hic
1028 2663 1187 2693 versus
1213 2649 1533 2705 interciderat,
1556 2649 1859 2708 negationem

306 2719 401 2748 non
432 2706 589 2762 inepte
622 2684 891 2752 inculcavit.

187 2767 275 2807 305
301 2765 470 2823 posset]
507 2766 545 2807 V
578 2780 683 2808 cum
714 2766 964 2823 plerisque,
998 2767 1124 2822 quod
1155 2766 1372 2823 praetuli.

187 2826 274 2866 331
307 2823 554 2868 Romuleas
602 2825 713 2881 leyes
758 2826 944 2870 rediisse
989 2826 1207 2884 fatemur]
1264 2825 1320 2869 cf.
1369 2839 1488 2881 quae
1540 2826 1596 2869 de
1642 2825 1857 2880 lectione,

307 2896 447 2937 quam
478 2882 513 2924 E
548 2883 695 2940 offert,
729 2884 910 2928 censuit
941 2884 1114 2928 Birtius
1147 2899 1189 2940 p.
1220 2884 1333 2927 CXI.
