2085 3215
291 87 428 144 (XV.)
459 86 538 130 DE
571 86 766 131 BELLO
801 85 1126 132 GILDONICO
1160 85 1338 130 LIBER
1369 85 1610 130 PRIMVS.
1725 86 1797 138 49

16 242 23 255 ·
104 222 180 274 Te
218 221 453 274 bellante
493 221 666 274 mori‘?
727 220 988 272 Decernet
1028 220 1302 273 Honorius
1341 220 1478 289 inde,

103 295 246 348 Hinc
286 294 482 348 Gildo?
543 295 701 347 Prius
741 298 885 346 astra
927 293 1101 346 Chaos
1142 295 1387 346 miscebit
1426 293 1655 346 Averno,

104 369 413 422 Vindictam
452 368 730 421 mandasse
771 372 854 420 sat
894 371 996 436 est3
1036 367 1158 435 plus
1197 369 1429 420 nominis
1470 368 1661 420 horror

107 442 280 505 Quam
317 446 444 495 tuus
485 443 626 494 ensis
666 445 803 512 aget.
881 441 1079 493 Minuit
1116 442 1417 509 praesentia
1457 441 1667 494 famam.
1707 456 1793 495 385

104 515 209 579 Qui
249 517 400 569 stetit
438 519 698 584 aequatur
738 533 940 585 camp0,
981 514 1281 582 collataque
1319 515 1489 566 nescit

103 589 440 642 Maiestatem
480 590 631 642 acies,
711 588 814 641 Sed
854 588 997 657 quod
1035 589 1207 658 magis
1246 588 1378 639 utile
1419 588 1564 640 factu

102 662 283 732 Atque
322 663 469 716 hosti
507 663 724 734 gravius
765 661 977 734 (sensus
1018 660 1255 732 adverte)
1297 661 1510 713 docebo.

102 737 206 789 Est
245 737 327 788 illi
365 737 626 806 patribUS‚
667 736 758 788 sed
795 754 906 788 non
945 739 996 788 et
1036 736 1277 787 moribus
1316 735 1486 787 isdem

103 810 378 880 Mascezel,
417 811 628 881 fugiens
671 811 763 878 qui
803 810 915 861 dira
954 810 1165 877 piacula
1205 809 1388 861 fratris
1708 823 1793 861 390

104 883 343 952 Spesque
384 902 508 936 suas
547 884 818 952 vitamque
857 887 951 935 tuo
993 884 1260 935 commisit
1300 882 1465 950 asylo,

102 957 263 1009 Hunc
300 958 394 1010 ubi
434 958 710 1041 temptatis
750 957 951 1009 frustra
991 960 1223 1009 mactare
1262 956 1503 1024 nequivit

102 1029 334 1101 Insidiis,
373 1032 575 1099 patiias
614 1032 672 1083 in
709 1032 936 1102 pignoia
977 1030 1206 1082 contulit
1245 1031 1352 1082 iras

102 1105 192 1173 Et,
232 1123 367 1173 quos
405 1105 519 1173 ipse
561 1105 680 1157 sinu
719 1122 913 1173 parvos
953 1108 1271 1175 gestaverat
1310 1122 1416 1155 una

104 1149 311 1231 Occidit
348 1179 564 1231 iuvenes
603 1179 987 1246 inhumataque
1027 1196 1249 1246 corpoia
1288 1178 1452 1247 vulgo
1709 1191 1793 1230 395

103 1252 344 1320 Dispulit
384 1256 436 1304 et
475 1253 685 1305 tumulo
727 1256 983 1322 cognatas
1024 1252 1194 1303 arcuit
1234 1251 1452 1303 umbias

102 1324 473 1394 Naturamque
514 1326 674 1378 simul
713 1326 1038 1393 fratremque
1078 1325 1454 1392 hominemque
1495 1328 1745 1377 cruentus

104 1398 273 1451 Exuit
313 1403 365 1450 et
403 1403 618 1451 tenuem
659 1400 824 1451 caesis
863 1399 1055 1451 invidit
1093 1399 1360 1451 harenam.

103 1472 223 1524 Hoc
262 1473 469 1525 facinus
509 1473 698 1543 refugo
740 1473 1010 1524 damnavit
1051 1472 1161 1524 sole
1201 1472 1453 1540 Mycenas

102 1545 421 1614 Avertitque
462 1547 621 1615 diem3
663 1547 847 1598 sceleri
888 1546 980 1597 sed
1018 1546 1246 1598 reddidit
1284 1545 1483 1597 Atreus
1710 1559 1795 1599 400

106 1619 320 1672 Crimen
358 1623 410 1672 et
448 1620 695 1672 infandas
735 1624 953 1672 excusat
993 1621 1217 1690 coniuge
1257 1637 1482 1672 mensas,

103 1693 209 1746 Hic
249 1693 445 1763 odium,
482 1712 594 1745 non
631 1712 801 1762 poena
841 1694 958 1745 fuit.
1037 1694 1110 1745 Te
1150 1693 1357 1762 perdita
1396 1694 1528 1763 iura,

106 1767 180 1819 Te
218 1771 370 1836 pater
409 1768 655 1837 ultorem,
694 1771 746 1820 te
785 1768 915 1820 nudi
954 1768 1171 1836 pulvere
1210 1785 1409 1835 manes⁷

106 1840 179 1892 Te
219 1841 390 1908 pietas
430 1841 639 1909 polluta
679 1845 858 1912 rogat3
899 1842 945 1893 si
983 1842 1238 1894 flentibus
1278 1859 1425 1893 aram

104 1914 179 1966 Et
218 1914 495 1982 proprium
533 1915 742 1966 miseris
781 1933 981 1967 numen
1020 1916 1288 1967 statuistis
1328 1914 1587 1984 Athenae,
1709 1928 1795 1966 405

107 1986 173 2040 Si.
202 1987 526 2039 Pandionias
565 1988 786 2056 planctu
823 1992 1032 2040 traxere
1071 1989 1365 2059 phalanges

106 2060 386 2113 Inachides
426 2061 675 2129 belloque
714 2079 877 2132 rogos
916 2079 1152 2114 meruere
1192 2063 1415 2130 maritiS‚

108 2134 166 2186 Si
205 2138 409 2187 maesto
451 2135 698 2203 squalore
738 2153 918 2187 comae
956 2135 1296 2204 lacrimisque
1339 2138 1582 2186 senatum

106 2207 172 2260 In
210 2207 473 2261 Numidas
511 2208 700 2277 pulsus
741 2209 877 2261 solio
918 2211 1206 2261 commovit
1245 2208 1540 2261 Adherbal:

108 2281 266 2334 Hunc
307 2300 519 2351 quoque
557 2301 699 2335 nunc
740 2281 914 2352 Gildo,
953 2287 1106 2335 tanto
1148 2301 1305 2351 quem
1344 2283 1527 2334 fimere
1567 2283 1768 2351 mersit7
1833 2309 1843 2318 ·

106 2355 267 2408 Hunc
306 2356 483 2408 doleat
522 2357 729 2408 venisse
770 2356 956 2408 ducem
997 2375 1215 2425 seseque
1255 2358 1515 2409 minorem
1710 2370 1794 2409 411

108 2428 454 2498 Supplicibus
495 2430 628 2482 sciat
668 2449 781 2482 esse
821 2431 943 2482 tuis,
1023 2430 1191 2493 Quem
1232 2431 1351 2483 sede
1392 2430 1615 2501 fugavit,

108 2502 268 2554 Hunc
305 2521 557 2572 praeceps
597 2504 787 2575 fugiat,
826 2504 989 2575 fregit
1030 2523 1187 2572 quem
1227 2505 1388 2573 clade,
1428 2504 1700 2556 tremiscat

111 2576 493 2646 Agnoscatque
534 2596 705 2648 suum,
744 2578 979 2631 trahitur
1019 2579 1143 2630 (111111
1182 2579 1413 2647 victima7
1452 2577 1707 2630 fratrem'
1756 2625 1782 2647 ,ἵ

221 2649 368 2702 Haec
406 2651 500 2702 ubi
540 2652 789 2704 sederunt
828 2670 1039 2723 genem,
1078 2654 1361 2704 notissima
1400 2651 1563 2703 Marti
1712 2665 1799 2704 415

109 2723 344 2793 Robora,
381 2725 695 2794 praecipuos
735 2725 902 2778 electa
941 2727 1081 2795 pube
1121 2727 1387 2795 maniplos

110 2796 365 2866 Disponit
403 2802 669 2868 portuque
708 2803 850 2851 rates
890 2800 1154 2852 instaurat
1194 2801 1440 2853 Etrusco.

111 2869 431 2924 Herculeam
471 2890 599 2925 suus
638 2873 853 2926 Alcides
893 2873 1202 2942 Ioviamque
1242 2874 1517 2928 cohortem

202 2965 435 2999 CLAvam
460 2967 570 3010 Onu,
595 2969 652 3001 ed.
674 2969 820 3004 Koch.
1418 2966 1445 3003 4
