2029 3230
161 150 289 195 XXII
612 144 1079 195 ADNOTATIONES
1112 143 1401 193 CRITIGAE.

163 288 250 326 255

167 521 252 559 270

169 1224 254 1263 290

168 1637 255 1676 312

172 1931 258 1970 323

173 2049 259 2089 350

172 2227 256 2265 371

172 2578 263 2618 393

283 282 558 337 demissaque
599 281 772 323 Iumina
812 278 948 336 velat]
990 278 1047 321 de
1086 277 1174 321 hoc
1211 277 1313 321 loco
1355 277 1415 320 ad
1454 276 1587 322 Iliad.
1618 275 1699 325 lib.
1725 275 1854 320 XVII

284 355 324 384 v.
355 344 436 383 135
477 342 600 382 recte
641 350 715 380 me
753 336 884 380 misit
915 336 1212 387 Skutschius3
1251 336 1327 379 hic
1367 335 1492 379 enim
1521 335 1600 387 ‚vir
1639 333 1854 379 doctissi-

285 414 385 442 mus
427 396 597 443 eximia
636 395 858 438 comitate
898 394 1042 439 etiam
1080 395 1296 451 plagulas
1329 394 1467 438 huius
1500 392 1720 441 editionis
1753 407 1854 450 per-

284 457 414 512 legit,
447 454 673 499 nonnulla
702 453 884 497 monuit
916 453 1192 510 perutiliter.

290 515 435 571 Clam]
470 516 573 558 Iam
606 513 761 569 codd,
803 513 928 568 quod
968 512 1066 556 sine
1106 512 1203 555 ulla
1243 511 1535 564 dubitatione
1577 511 1852 566 aspernatus

286 589 406 627 sum,
453 587 556 616 cum
588 572 703 616 haec
734 571 968 628 particula
1000 571 1049 614 in
1080 571 1183 627 ipso
1215 570 1350 614 initio
1384 568 1618 615 enuntiati
1648 567 1854 625 regentis

285 636 411 675 extet
435 644 587 686 neque
611 630 705 673 nisi
722 633 883 686 aperto
910 629 1081 673 calami
1106 643 1258 673 errore
1282 629 1359 672 hic
1385 628 1646 685 inrepserit.
1695 629 1859 671 contra

289 692 418 736 Clam
450 691 510 734 ad
543 703 729 733 sensum
762 688 1005 745 aptissime
1037 689 1268 744 quadrare
1299 687 1416 730 mihi
1454 686 1691 744 persuasit
1727 685 1857 730 locus

285 748 548 793 Marcellini
576 748 768 792 Comitis
794 746 1147 803 chronographi,
1172 746 1254 801 qui
1277 746 1350 791 his
1376 746 1433 790 de
1457 746 1596 790 rebus
1625 745 1710 790 sub
1737 757 1868 788 anno-

286 807 515 852 CCCXCV
556 807 622 850 sic
660 806 821 853 refert:
873 807 1071 860 Rufinus
1109 807 1343 850 Patricius
1382 805 1616 850 Archadio
1653 805 1860 861 principi

286 869 482 912 insidias
529 867 713 910 tendens
760 866 1001 909 Alaricum
1047 865 1300 909 Gothorum
1344 878 1489 921 reyem
1529 865 1678 909 missis
1723 863 1862 907 clam

279 928 488 982 pecuniis
519 926 735 979 infestum
769 925 1045 979 reipublicae
1076 924 1193 975 fecit.
1259 936 1379 977 quae
1421 922 1478 965 de
1516 921 1698 967 ratione
1737 920 1861 964 inter

286 986 475 1041 poetam
528 986 740 1026 nostrum
793 985 841 1026 et
888 981 1214 1025 Marcellinum
1262 980 1488 1025 Comitem
1541 979 1860 1024 intercedente

288 1042 505 1098 equidem
552 1041 839 1096 cogitarem,
894 1040 944 1083 in
988 1041 1105 1086 Mus.
1152 1040 1301 1084 Rhen.
1349 1042 1460 1085 tom.
1500 1039 1645 1085 XLIV
1689 1053 1733 1095 p.
1776 1041 1861 1082 599

285 1101 624 1158 praetereundo
660 1099 957 1154 adumbravi,
991 1114 1097 1143 mox
1130 1101 1286 1147 autem
1320 1098 1360 1142 si
1393 1098 1464 1143 dis
1495 1098 1654 1154 placet
1684 1095 1864 1153 publici

287 1160 400 1204 iuris
434 1160 620 1204 faciam.

288 1220 512 1274 Haemus]
547 1219 632 1261 Em
665 1222 712 1261 et
744 1234 785 1274 ε,
828 1231 942 1272 quos
976 1216 1235 1271 sequendos
1275 1216 1454 1273 putavi.
1509 1229 1621 1263 nam
1658 1214 1861 1271 primum

287 1278 455 1321 fluvius
491 1276 732 1334 ‘percurri’
769 1277 847 1320 vix
877 1278 1053 1332 potest;
1097 1275 1265 1320 deinde
1298 1276 1484 1323 Hebrus
1516 1274 1602 1328 (sie
1634 1274 1760 1321 enim
1789 1272 1859 1321 Bi.

288 1352 392 1380 cum
431 1336 597 1380 ceteris
637 1338 764 1392 mss.)
804 1335 853 1378 in
892 1334 1092 1381 Thracia
1141 1336 1212 1377 est
1252 1336 1300 1377 et
1337 1333 1388 1376 in
1425 1334 1673 1389 Rhodopes
1713 1331 1861 1379 latere

289 1395 526 1448 orientali3
575 1394 737 1450 itaque
779 1393 981 1450 primum
1021 1392 1174 1437 deseri
1211 1392 1472 1451 Rhodopen
1509 1390 1862 1438 memorandum

289 1455 475 1510 fuisset,
511 1453 619 1497 dein
649 1453 700 1496 in
731 1453 978 1496 Thraciam
1009 1451 1164 1504 tendi,
1197 1451 1363 1497 ultimo
1396 1451 1604 1497 Hebrum
1640 1448 1861 1506 percurri.

291 1527 401 1569 ergo
428 1513 655 1558 Haemum
679 1511 881 1566 restitui,
914 1526 1022 1557 nam
1045 1510 1305 1571 Rhodopen
1329 1509 1466 1565 quasi
1488 1509 1657 1555 Haemi
1679 1510 1862 1567 partem

291 1573 532 1617 inductam
565 1571 786 1617 licentiae
818 1573 985 1627 poetae
1017 1569 1156 1613 facile
1190 1569 1526 1615 adtribuemus.

289 1632 438 1689 noris]
486 1645 608 1673 nunc
655 1631 777 1674 bono
821 1629 975 1675 animo
1025 1628 1152 1672 edidi
1198 1642 1280 1683 pro
1332 1626 1561 1672 ‘advenis’
1612 1624 1859 1682 accipiens.

291 1690 403 1734 olim
437 1689 616 1733 conieci
649 1688 774 1745 apud
805 1688 873 1732 Bi.
908 1689 1034 1741 meis,
1069 1687 1193 1742 quod
1225 1686 1299 1730 vel
1337 1688 1586 1742 propterea
1626 1683 1860 1742 displicet,

290 1749 401 1805 quia
432 1749 482 1791 in
514 1747 729 1802 sequenti
767 1760 902 1791 versu
943 1746 1105 1789 eadem
1145 1759 1232 1789 vox
1277 1744 1490 1789 occurrit.
1556 1745 1761 1787 ceterum
1801 1742 1863 1785 ad

290 1822 426 1851 usum
471 1807 608 1850 huius
648 1805 778 1849 verbi
821 1805 1158 1849 Claudianeum
1199 1804 1255 1848 cf.
1289 1804 1353 1847 lV
1385 1817 1508 1847 cons.
1540 1802 1659 1846 Hon.
1685 1805 1742 1845 35
1783 1800 1864 1845 ubi

289 1869 418 1911 novis
449 1866 574 1909 idem
604 1865 732 1908 valet
764 1866 905 1920 atque
941 1865 1103 1919 ‘usque
1137 1863 1288 1906 adhuc
1319 1876 1415 1906 non
1444 1861 1597 1906 visis'.

292 1940 406 1983 quae
438 1927 623 1983 quisque
656 1924 804 1981 petat]
853 1937 957 1966 cum
998 1923 1094 1966 solo
1134 1921 1222 1964 Em
1263 1921 1447 1977 scripsi3
1500 1920 1540 1963 si
1585 1919 1709 1963 enim
1755 1932 1868 1976 quas

292 1984 425 2040 legis,
458 1985 757 2040 pleonasmus
790 1981 1015 2025 molestus
1048 1980 1206 2025 oritur.

293 2043 452 2101 limite]
486 2057 645 2086 rursus
672 2041 796 2096 quod
818 2041 1049 2097 praebent
1073 2039 1159 2081 Em
1185 2041 1231 2082 et
1256 2054 1291 2092 ε,
1324 2038 1476 2094 magis
1500 2035 1693 2094 placuit,
1723 2049 1865 2092 quam

291 2104 491 2157 tramite,
539 2115 629 2157 quo
661 2100 790 2144 haud
820 2100 890 2142 ita
923 2102 1032 2155 apte
1063 2101 1216 2142 terrae
1255 2097 1467 2154 linguam
1504 2096 1555 2139 in
1591 2109 1720 2142 mare
1758 2108 1865 2151 pro-

291 2162 463 2205 iectam
496 2159 752 2216 significari
783 2158 932 2203 credo.

292 2220 544 2277 extendere]
578 2219 661 2267 Εε,
695 2217 820 2273 quod
852 2216 995 2263 etiam
1019 2215 1089 2260 Bi.
1114 2217 1280 2272 postea
1305 2213 1638 2270 adprobavisse
1663 2211 1860 2266 videtur,

293 2279 374 2335 qui
405 2280 455 2322 in
477 2277 632 2320 indice
657 2277 780 2319 hunc
803 2276 959 2320 locum
984 2275 1126 2318 etiam
1152 2289 1185 2319 s.
1211 2289 1251 2318 v.
1278 2274 1511 2318 extendere
1536 2271 1860 2324 adnotaverit;

291 2338 393 2394 ipse
424 2339 474 2380 in
506 2337 727 2380 contextu
757 2335 902 2377 habet
932 2335 1174 2378 intendere.
1232 2346 1313 2375 cur
1345 2333 1503 2374 autem
1531 2330 1650 2373 illud
1673 2331 1862 2385 praetu-

292 2396 440 2450 lerim,
475 2409 635 2439 sensus
667 2394 769 2449 ipse
795 2394 950 2445 docet3
984 2394 1229 2448 praeterea
1252 2389 1405 2434 verbis
1430 2390 1674 2434 incolumes
1699 2403 1739 2433 v.
1762 2390 1862 2443 370,

292 2457 523 2500 intendere
568 2469 609 2497 v.
645 2458 751 2508 3⁷1,
800 2454 1115 2508 insperatoque
1161 2465 1202 2494 v,
1237 2453 1322 2492 372
1370 2447 1480 2492 oriri
1527 2446 1865 2504 cacophoniam

294 2513 471 2570 putavi.

295 2573 493 2628 rumore]
527 2571 768 2627 eleganter
793 2567 1081 2624 excogitavit
1098 2566 1302 2622 Ieepius;
1327 2580 1538 2610 mucrone
1563 2577 1721 2608 omnes
1738 2576 1864 2618 mss„

296 2631 372 2675 cui
402 2630 595 2674 lectioni
634 2627 1021 2684 interpretatione
1053 2624 1328 2669 Buecheleri
1367 2623 1579 2680 quamvis
1619 2621 1867 2679 perspicua

298 2689 630 2733 auctoritatem
648 2690 942 2744 speciemque
960 2685 1225 2728 adcrescere
1243 2684 1526 2740 negaverim.
1566 2683 1727 2726 manet
1743 2680 1868 2724 enim

297 2747 565 2801 difficultaS,
599 2760 717 2802 quae
752 2748 824 2789 est
846 2746 896 2788 in
918 2745 1023 2801 ipsa
1046 2743 1291 2787 verborum
1317 2740 1674 2798 compositionez
1707 2740 1868 2785 manet

298 2809 442 2851 etiam
465 2805 685 2862 repetitio
710 2804 851 2847 nimis
876 2803 1076 2859 ingrata,
1111 2817 1216 2845 cum
1240 2802 1365 2844 idem
1389 2800 1486 2844 iam
1509 2799 1701 2843 valeant
1724 2797 1869 2841 verba

298 2879 418 2922 quae
463 2865 766 2908 antecedunt:
823 2876 940 2920 seyes
984 2862 1186 2918 undique
1232 2862 1348 2915 ferri
1393 2859 1672 2913 circumfusa
1715 2857 1866 2905 micat.

248 2959 255 2966 .
299 2938 435 2981 porro
464 2924 501 2967 si
528 2923 800 2980 diligentius
825 2919 1223 2977 comparationem
1246 2918 1495 2975 poeticam,
1519 2930 1613 2973 qua
1635 2914 1713 2961 hic
1735 2914 1867 2959 locus
