2085 3215
439 83 644 141 (XVIII.)
673 83 740 126 IN
772 82 1132 127 EVTROPlVM
1164 82 1348 126 LIBER
1379 82 1621 128 PRIMVS.
1818 85 1886 136 57

185 218 301 272 Iam
342 219 520 272 scabie
560 219 764 272 laceras
805 217 995 270 deiecit
1037 218 1284 271 sordidus
1324 237 1496 290 aureS,

187 292 363 347 Solvit
403 297 456 346 et
497 297 658 346 exuto
699 292 941 345 lucratur
979 292 1193 344 vincula
1235 294 1390 346 collo

297 368 401 420 Est
440 368 536 420 ubi
576 367 858 436 despectus
897 366 1099 418 nimius
1137 367 1300 420 iuvat.
1379 367 1630 437 Vndique
1671 368 1830 437 pulso

184 442 289 494 Per
330 446 550 495 cunctas
589 441 744 494 licuit
784 440 998 492 fraudes
1038 441 1256 509 impune
1296 443 1482 512 vagari

185 517 260 569 Et
299 516 428 569 fatis
469 516 674 585 aperire
712 515 869 567 viam.
946 514 1053 567 Pro
1097 515 1342 583 quisquis
1384 515 1602 585 Olympi
1809 531 1893 570 140

187 590 408 643 Summa
448 594 615 660 teneS,
654 593 808 642 tanto
849 589 1012 642 libuit
1051 590 1303 642 mortalia
1343 590 1457 641 risu

185 664 448 717 Vertere?
513 664 616 728 Qui
656 664 795 716 servi
834 682 947 717 non
986 667 1068 717 est
1107 664 1374 716 admissus
1414 664 1472 716 in
1510 683 1683 735 usum,

188 738 494 808 Suscipitur
532 739 730 810 regniS,
771 742 823 790 et
866 756 1024 806 quem
1063 738 1276 807 privata
1315 738 1626 791 ministrum

184 813 491 885 Dedignata
531 814 737 883 domus,
776 813 1145 865 moderantem
1186 813 1419 865 sustinet
1458 813 1594 865 aula.

184 887 262 941 Vt
301 888 536 958 primum
575 888 813 941 vetulam
852 891 1031 940 texere
1071 888 1274 956 palatia
1313 888 1545 956 vulpem,
1814 901 1894 940 145

189 962 320 1025 Quis
358 981 471 1015 non
509 962 812 1033 ingemuit?
868 962 989 1031 quis
1028 980 1141 1014 non
1178 963 1421 1031 inrepere
1463 962 1629 1014 sacris

189 1036 477 1106 Obsequiis
518 1034 711 1090 doluit'
732 1037 935 1089 totiens
975 1037 1162 1089 venale
1203 1037 1462 1089 cadaver?

187 1110 300 1181 Ipsi
342 1112 474 1180 quin
514 1112 677 1164 etiam
716 1111 815 1164 tali
856 1115 1105 1163 consorte
1146 1111 1447 1164 fremebant

187 1186 419 1257 Regales
459 1186 665 1257 famuli,
706 1186 904 1255 quibus
945 1189 1027 1238 est
1066 1186 1351 1238 inlustrior
1392 1185 1522 1237 ordo

191 1259 424 1331 Servitii,
465 1261 777 1330 sociumque
819 1260 910 1312 diu
952 1279 1197 1329 sprevere
1239 1260 1471 1329 superbi.
1813 1275 1896 1315 150

305 1334 533 1405 Cernite,
574 1353 733 1404 quem
770 1334 942 1387 Latiis
981 1339 1209 1403 poscant
1249 1335 1528 1387 adnectere
1568 1335 1746 1388 fastis:

194 1409 360 1461 Cuius
401 1414 454 1462 et
495 1410 769 1462 eunuchos
810 1410 1024 1478 puduit!
1086 1408 1190 1462 Sed
1229 1409 1389 1462 vilior
1429 1413 1553 1461 ante

190 1483 462 1537 Obscurae
502 1484 665 1537 latuit
704 1502 829 1553 pars
869 1484 1213 1555 ignotissima
1256 1484 1464 1553 turbae,

187 1558 374 1610 Donec
412 1557 731 1611 Abundanti
771 1558 927 1610 furiis
970 1590 1039 1596 —
1083 1559 1175 1627 qui
1215 1559 1376 1611 rebus
1416 1558 1550 1610 Eois

189 1632 436 1685 Exitium
475 1633 816 1702 primumque
860 1633 964 1684 sibi
1003 1632 1261 1701 produxit
1301 1665 1370 1670 —
1414 1633 1481 1684 ab
1521 1632 1645 1684 imis
1815 1646 1898 1686 155

188 1707 426 1760 Evectus
466 1707 723 1759 thalamis
765 1725 1004 1759 summos
1043 1708 1243 1760 invasit
1283 1707 1530 1759 honores,

191 1780 363 1844 Quam
402 1782 537 1834 bene
578 1782 903 1850 dispositum
941 1782 1117 1851 terriS,
1156 1786 1218 1834 ut
1259 1782 1454 1853 dignus
1493 1781 1667 1850 iniqui

188 1855 422 1908 Fructus
463 1857 676 1909 consilii
715 1857 905 1925 primis
945 1857 1259 1909 auctoribus
1299 1857 1479 1909 instet.

194 1929 282 1982 Sic
320 1931 524 1983 multos
564 1931 730 1983 fluvio
770 1935 922 1983 vates
962 1935 1144 1983 arente
1184 1950 1280 2000 per
1320 1950 1490 1983 annos

190 2004 423 2074 Hospite
465 2005 558 2073 qui
599 2023 752 2057 caeso
793 2006 1005 2058 monuit
1044 2006 1257 2074 placare
1297 2005 1613 2075 Tonantem,
1816 2019 1900 2059 160

192 2078 448 2133 Inventas
487 2079 694 2148 primus
733 2079 1000 2131 Busiridis
1039 2080 1237 2132 imbuit
1277 2099 1398 2132 aras

191 2154 267 2207 Et
308 2154 498 2206 cecidit
539 2154 698 2224 saevi,
738 2154 883 2222 quod
922 2154 1144 2224 dixerat,
1182 2154 1363 2206 hostia
1404 2154 1556 2206 sacri.

195 2228 283 2281 Sic
324 2228 505 2297 opifex
544 2229 688 2280 tauri
726 2232 1229 2297 tormentorumque
1269 2231 1526 2297 repertor,

195 2303 299 2366 Qui
338 2303 554 2356 funesta
592 2322 734 2355 novo
775 2303 1132 2355 fabricaverat
1173 2321 1294 2355 aera
1335 2302 1524 2371 dolori,

193 2378 409 2430 Primus
448 2378 789 2447 inexpertum
831 2377 1013 2431 Siculo
1056 2381 1280 2449 cogente
1320 2381 1552 2446 tyranno
1818 2392 1902 2430 165

195 2451 377 2506 Sensit
418 2471 554 2522 opus
595 2452 884 2522 docuitque
926 2471 1084 2505 suum
1122 2453 1332 2524 mugire
1371 2452 1667 2504 iuvencum.

193 2526 416 2580 Nullius
455 2527 773 2598 EutropiuS,
815 2546 976 2596 quam
1019 2527 1111 2596 qui
1152 2545 1206 2579 se
1245 2526 1492 2596 protulit,
1531 2529 1655 2578 ante

195 2601 450 2671 Direptas
489 2602 732 2671 possedit
773 2621 901 2672 opes
940 2602 1259 2669 nullumque
1297 2601 1534 2670 priorem

195 2676 436 2729 Perculit
475 2677 636 2729 exilio
679 2677 962 2746 solumque
1002 2677 1105 2729 hoc
1145 2677 1246 2728 rite
1285 2675 1510 2746 peregit,

194 2750 491 2804 Auctorem
530 2751 781 2804 damnare
823 2770 993 2804 suum.

1051 2825 1351 2893 Postquam
1393 2824 1603 2877 obsitus
1644 2842 1773 2877 aevo
1819 2838 1905 2879 170

197 2898 428 2953 Semivir
468 2901 733 2954 excelsam
772 2920 952 2954 rerum
992 2900 1240 2952 sublatus
1279 2899 1337 2952 in
1376 2918 1567 2971 arcem,
