2044 3220
212 173 237 221 1
247 174 278 224 3
286 171 319 222 4
754 166 996 211 CLAVDH
1028 166 1357 211 CLAVDIANI

209 305 520 357 Humanum
561 320 743 355 curare
785 321 956 373 genus
998 302 1117 370 quis
1158 301 1419 354 terminus
1458 319 1714 370 umquam

210 377 601 446 Praescripsit‘?
639 376 818 428 nullas
859 377 1048 445 recipit
1087 376 1371 445 prudentia
1409 378 1594 428 metas.

211 452 362 505 Adde
405 451 548 519 quod
585 451 716 502 haec
754 450 941 502 multis
981 451 1159 519 potuit
1201 450 1509 520 contingere
1551 449 1716 519 sedeS‚

213 526 317 580 Sed
355 525 533 577 meriti
573 528 787 577 tantum
825 525 1047 576 redeunt
1089 528 1344 592 actusque
1384 523 1590 592 priores
1821 536 1905 576 145

215 599 564 653 Commendat
604 598 865 667 repetitus
904 599 1077 650 honos
1117 598 1396 666 virtusque
1436 597 1657 666 reducit,

215 674 359 736 Quos
399 673 618 725 fortuna
657 673 809 743 regit.
872 672 1066 724 Melius
1106 690 1410 742 magnoque
1449 671 1738 739 petendum

219 747 402 800 Credis
441 747 500 799 in
539 747 788 799 abstrusa
828 765 1005 798 rerum
1045 746 1252 798 ratione
1292 745 1529 797 morari?

216 821 432 874 Scilicet
470 821 564 873 illa
604 821 685 872 tui
724 821 955 889 patriam
994 824 1277 888 praecepta
1315 819 1560 871 Platonis

215 896 449 948 Erexere
488 895 678 965 magiS‚
720 913 879 962 quam
921 895 1012 962 qui
1053 912 1307 962 responsa
1350 897 1564 945 secutus
1828 907 1910 946 150

219 969 415 1022 Obruit
453 969 599 1021 ans
641 969 837 1020 classes
876 969 1169 1036 urbemque
1210 967 1404 1019 carinis

217 1043 382 1095 Vexit
422 1047 475 1094 et
515 1061 729 1094 arsuras
768 1042 925 1094 Medo
968 1041 1222 1094 subduxit
1263 1040 1543 1093 Athenas?

221 1116 502 1185 Spartanis
541 1116 719 1184 potuit
759 1117 924 1168 robur
963 1120 1235 1184 praestare
1274 1116 1554 1186 Lycurgus

220 1190 488 1242 Matribus
530 1194 581 1242 et
623 1208 810 1241 sexum
848 1190 994 1260 leges
1034 1190 1206 1241 vicere
1248 1208 1459 1241 severae

225 1264 444 1316 Civibus
485 1267 537 1315 et
575 1264 758 1315 vetitis
797 1263 993 1334 ignavo
1036 1264 1244 1315 credere
1284 1282 1438 1315 muro
1830 1278 1914 1318 155

223 1338 415 1390 Tutius
457 1337 651 1390 obiecit
690 1337 888 1389 nudam
926 1337 1324 1389 Lacedaemona
1363 1336 1543 1389 bellis:

223 1412 298 1465 At
336 1430 447 1464 non
484 1411 826 1482 Pythagorae
865 1412 1102 1464 monitus
1143 1411 1373 1479 annique
1415 1411 1633 1463 silentes

223 1486 514 1538 Famosum
554 1484 762 1538 Oebalii
800 1486 987 1538 luxum
1025 1504 1265 1554 pressere
1305 1485 1536 1537 Tarenti.

339 1559 498 1621 eQuis
538 1578 663 1611 vero
702 1560 969 1630 insignem
1009 1563 1161 1612 tanto
1204 1560 1302 1612 sub
1342 1559 1582 1628 principe
1623 1577 1805 1612 curam

226 1633 503 1701 Respuat‘?
545 1637 638 1685 aut
678 1634 889 1701 quando
930 1634 1135 1685 meritis
1174 1634 1377 1685 maiora
1415 1634 1678 1702 patebunt
1830 1647 1916 1688 160

226 1706 509 1759 Praemia?
573 1706 702 1769 Quis
743 1707 956 1759 demens
997 1707 1126 1759 adeo
1169 1708 1260 1775 qui
1297 1707 1518 1778 iungere
1558 1725 1746 1759 sensus

232 1780 365 1833 Cum
407 1780 702 1833 Stilichone
739 1782 935 1851 neget?
999 1780 1239 1833 Similem
1280 1799 1414 1849 quae
1453 1781 1682 1849 protulit
1721 1785 1868 1834 aetas

232 1854 470 1906 Consilio
510 1855 595 1906 vel
634 1854 807 1906 Marte
847 1855 1058 1907 virum?
1119 1855 1277 1907 Nunc
1315 1855 1518 1907 Brutus
1558 1859 1760 1908 amaret

227 1928 422 1980 Vivere
463 1929 562 1980 sub
603 1947 784 1999 regnO‚
823 1929 922 1980 tali
963 1929 1329 1981 succumberet
1370 1929 1522 1981 aulae

227 2001 522 2071 Fabricius,
563 2006 815 2071 cuperent
855 2003 961 2071 ipsi
1002 2003 1198 2055 servire
1241 2002 1484 2055 Catones,
1833 2016 1916 2057 165

227 2075 422 2128 Nonne
461 2076 624 2145 videS‚
664 2081 724 2128 ut
762 2081 949 2129 nostra
990 2095 1142 2129 soror
1185 2076 1478 2129 Clementia
1521 2076 1705 2129 tristes

231 2148 508 2202 Obtundat
547 2150 756 2220 gladios
796 2151 1096 2218 fratresque
1136 2151 1379 2219 amplexa
1420 2169 1635 2204 serenos

227 2223 505 2294 Adsurgat
543 2224 739 2293 Pietas,
777 2225 964 2277 fractis
1003 2228 1064 2277 ut
1103 2225 1287 2295 lugeat
1327 2225 1488 2276 armis

227 2296 458 2349 Perfidia
499 2302 551 2350 et
590 2298 780 2350 laceris
819 2298 1108 2350 morientes
1150 2298 1387 2350 crinibus
1426 2298 1584 2367 hydri

228 2371 496 2424 Lambant
534 2372 770 2424 invalido
809 2371 1094 2424 Furiarum
1132 2372 1307 2424 vincla
1347 2372 1587 2424 veneno?
1834 2384 1918 2424 170

229 2443 459 2497 Exultat
500 2463 620 2498 cum
658 2445 796 2497 Pace
834 2445 1006 2497 Fides,
1068 2444 1183 2497 Iam
1224 2446 1396 2497 sidera
1435 2448 1656 2498 cunctae

227 2517 508 2585 Liquimus
550 2523 602 2571 et
640 2519 878 2587 placidas
917 2519 1058 2571 inter
1097 2519 1443 2572 discurrimus
1481 2519 1656 2571 urbes.

228 2589 541 2662 Nobiscum7
581 2593 873 2663 Theodoro,
911 2593 1056 2645 redi.'

1128 2665 1288 2720 Subit
1326 2666 1418 2719 ille
1455 2666 1766 2734 loquentem

230 2736 473 2790 Talibus:
515 2738 820 2809 ‘Ag-restem
859 2740 1057 2792 dudum
1095 2759 1195 2810 me,
1234 2740 1369 2810 diva,
1407 2740 1603 2793 reverti

233 2810 394 2882 Cogis
435 2815 487 2863 et
525 2812 784 2865 infectum
822 2813 982 2884 longe
1021 2813 1269 2885 rubigine
1307 2814 1448 2866 ruris
1834 2825 1918 2866 1⁷5

228 2883 316 2935 Ad
360 2888 454 2937 tua
502 2886 655 2956 signa
694 2905 867 2939 vocas,
943 2887 1086 2940 Nam
1130 2905 1264 2956 quae
1303 2887 1437 2939 mihi
1476 2905 1601 2940 cura
1641 2889 1724 2939 tot
1763 2885 1918 2939 annis

228 2957 417 3011 Altera
458 2978 618 3028 quam
659 2960 818 3013 duras
859 2961 1022 3013 sulcis
1061 2961 1271 3014 mollire
1310 2961 1544 3032 novaleS‚
