2044 3220
426 763 531 822 DE
583 760 1054 822 CONSVLATV
1105 758 1601 818 STILICHONIS

762 909 964 957 LIBER
1003 907 1266 955 PRIMVS.

934 1019 1090 1075 (XXI.)

283 1113 612 1166 Continuant
654 1111 831 1180 superi
869 1109 1028 1178 pleno
1068 1109 1311 1161 Romana
1349 1108 1530 1161 favore

170 1187 375 1240 Gaudia
417 1203 797 1253 successusque
835 1183 991 1235 novis
1033 1182 1365 1234 successibus
1406 1186 1625 1254 augent:

171 1260 399 1314 Conubii
437 1260 663 1312 necdum
702 1258 924 1310 festivos
965 1257 1113 1327 regia
1152 1260 1339 1308 cantus

169 1335 428 1404 Sopierat‚
470 1333 661 1386 cecinit
699 1333 820 1384 fuso
863 1330 1088 1383 Gildone
1129 1330 1447 1399 triumphos,

166 1409 241 1461 Et
282 1408 465 1460 calidis
504 1407 730 1460 thalami
771 1405 1026 1457 successit
1065 1404 1246 1455 laurea
1287 1403 1458 1472 sertis7
1829 1417 1856 1456 5

169 1481 411 1535 Sumeret
449 1486 510 1533 ut
548 1481 749 1550 pariter
786 1480 1033 1548 princeps
1070 1495 1370 1545 nomenque
1409 1476 1589 1529 mariti

165 1555 509 1624 Victorisque
551 1555 731 1624 decus3
769 1553 971 1621 Libyae
1010 1555 1135 1620 post
1173 1551 1377 1619 proelia
1417 1551 1616 1602 crimen

171 1627 415 1681 Concidit
454 1628 645 1697 Eoum,
684 1644 975 1694 rursusque
1017 1624 1232 1677 Oriente
1273 1625 1495 1676 subacto

172 1702 402 1754 Consule
443 1702 687 1753 defensae
730 1703 958 1770 surgunt
999 1698 1293 1750 Stilichone
1336 1715 1558 1749 secures.

172 1774 367 1828 Ordine
406 1779 533 1827 vota
572 1778 764 1826 meant.
827 1772 1093 1840 Equidem
1134 1771 1178 1823 si
1219 1789 1430 1823 carmen
1467 1772 1525 1822 in
1555 1789 1722 1823 unum
1802 1785 1858 1823 10

169 1849 461 1901 Tantarum
502 1866 707 1916 sperem
748 1847 988 1898 cumulos
1029 1845 1307 1897 advolvere
1346 1863 1538 1914 rerum,
1596 1860 1598 1862 ’

168 1922 479 1991 Promptius
518 1922 789 1990 imponam
829 1919 1042 1990 glaciali
1080 1919 1270 1970 Pelion
1310 1917 1487 1970 Ossae.

171 1995 227 2048 Si
266 1999 473 2064 partem
512 1995 742 2047 tacuisse
780 1993 955 2062 velim,
996 1992 1365 2060 quodcumque
1404 1991 1717 2061 relinquam,

169 2069 344 2121 Maius
385 2069 498 2121 erit.
560 2068 782 2120 Veteres
823 2070 974 2119 actus
1012 2066 1344 2134 primamque
1382 2066 1655 2117 iuventam

168 2142 505 2211 Prosequar‘?
546 2142 611 2193 ad
652 2160 764 2194 sese
804 2144 1037 2192 mentem
1074 2139 1375 2208 praesentia
1415 2139 1627 2190 ducunt.
1801 2150 1855 2190 15

168 2216 222 2269 N
225 2235 395 2268 arrem
433 2216 733 2267 iustitiam?
771 2215 893 2283 plus
935 2213 1176 2282 splendet
1215 2213 1388 2283 gloria
1426 2212 1631 2264 Martis,

168 2289 379 2342 Armati
417 2290 644 2341 referam
682 2288 858 2340 vires?
897 2288 1019 2356 plus
1060 2287 1171 2357 egit
1208 2286 1441 2338 inermis,

173 2362 325 2425 Quod
363 2364 518 2415 floret
557 2362 786 2431 Latium,
824 2361 980 2412 Latio
1022 2360 1165 2429 quod
1202 2359 1406 2411 reddita
1447 2358 1609 2410 servit

171 2435 369 2506 Africa,
407 2437 642 2488 vicinum
683 2435 824 2503 quod
862 2434 1033 2486 nescit
1071 2432 1294 2484 Hiberia
1331 2431 1594 2500 Maurum,

171 2509 308 2561 Tuta
350 2510 491 2577 quod
529 2509 800 2560 imbellem
838 2508 1064 2560 miratur
1104 2506 1279 2558 Gallia
1316 2505 1578 2573 Rhenum,
1796 2517 1854 2557 20

172 2581 284 2634 Aut
324 2584 553 2653 gelidam
593 2582 834 2634 Thracen
873 2582 1273 2647 decertatosque
1312 2578 1524 2630 labores

173 2655 356 2707 Hebro
389 2660 525 2708 teste
567 2656 788 2708 canam?
849 2655 1106 2725 Magnum
1144 2653 1275 2705 mihi
1313 2651 1565 2720 panditur
1605 2669 1818 2720 aequor,

170 2726 398 2797 Ipsaque
437 2729 642 2782 Pierios
681 2730 886 2781 lassant
924 2727 1182 2797 proclivia
1223 2744 1407 2778 currus

167 2801 441 2853 Laudibus
482 2803 787 2854 innumeris

879 2874 1095 2926 Etenim
1134 2872 1452 2925 mortalibus
1493 2889 1556 2922 ex
1596 2889 1701 2938 quo

173 2946 355 2999 Tellus
397 2952 583 3017 coepta
623 2949 741 3019 coli7
779 2967 1071 3017 numquam
1112 2947 1314 2999 sincera
1353 2946 1616 2997 bonorum
1796 2956 1852 2996 25
