2029 3230
130 150 280 194 XXVI
576 146 1051 192 ADNOTATIONES
1085 145 1371 191 CRITICAE.

163 286 219 324 74
249 281 462 337 nitimur]
489 279 727 335 praeclare
745 281 1133 322 conservaverunt
1150 278 1315 332 H¹V²‚
1341 293 1446 322 cum
1462 279 1632 335 reliqui
1647 281 1819 325 nititwr

249 339 452 391 tradant,
478 337 603 394 quod
626 337 805 394 recepit
826 337 1013 381 Bittius.
1062 338 1143 380 sed
1161 339 1269 393 post
1285 337 1541 381 sententias
1559 339 1815 395 generales,

252 411 370 453 quae
402 397 611 440 versibus
639 401 692 439 72
720 398 768 439 et
793 400 847 440 73
879 395 1188 451 continentur,
1221 410 1343 439 nunc
1368 396 1424 440 de
1451 410 1499 439 se
1522 396 1625 452 ipso
1651 396 1815 452 suique

251 455 478 498 similibus
528 455 790 498 eunuchum
836 455 966 510 loqui
1011 454 1106 497 iam
1152 455 1295 498 verba
1336 455 1435 499 Nos
1473 455 1659 499 Imcina
1695 457 1818 513 fugit

250 513 543 570 apertissime
577 513 758 558 docent.
815 513 984 558 deinde
1017 513 1057 556 si
1084 513 1227 556 verba
1249 527 1330 557 nee
1355 549 1363 558 .
1385 549 1393 557 .
1414 549 1422 557 .
1450 527 1577 558 amor
1600 513 1650 556 in
1672 528 1818 557 unum

249 574 541 616 enuntiatum
575 572 882 628 constringas,
916 571 1162 626 sequentia
1185 573 1396 627 defloruit
1420 574 1513 616 oris
1535 574 1691 630 qratia
1713 572 1816 616 bre·
1862 600 1868 605 -

247 631 395 674 vitate
427 631 646 674 laborant
679 634 726 674 et
756 630 1066 685 incomposite
1099 630 1274 673 iniecta
1305 633 1425 674 sunt.

160 696 215 734 91
250 690 300 733 Ε
326 692 500 747 qemino
533 692 683 734 ditata
713 690 852 746 mari]
887 690 937 732 E
964 703 1046 744 pro
1081 690 1147 733 Et
1178 689 1304 732 solus
1337 688 1423 745 P1,
1462 689 1587 744 quod
1617 688 1688 732 ita
1717 688 1819 745 pla-

250 749 347 792 cuit
376 748 542 797 Birtio,
575 755 627 792 ut
657 748 707 790 in
738 750 917 791 textum
949 747 1188 803 reciperet,
1222 747 1426 802 fecitque
1457 748 1546 791 hoc
1577 750 1704 791 certe
1732 761 1815 792 suo

247 807 367 860 iure3
400 820 550 862 neque
582 807 685 862 ipso
719 807 837 848 mari
870 805 1048 848 ditatur
1079 805 1203 862 Lais,
1237 806 1317 850 sed
1348 806 1593 850 iuvenibus
1625 820 1650 850 e
1678 806 1819 850 mari

249 871 307 909 ut
320 883 339 908 r
353 871 378 908 o
390 881 419 921 q
429 881 459 908 u
470 880 493 908 e
526 865 799 908 Corinthum
829 864 1136 909 venientibus.

158 929 215 968 93
249 926 394 981 tactu]
438 927 563 968 iactu
602 923 733 966 nulla
772 923 1053 966 auctoritate
1094 923 1280 966 adiutus
1311 923 1546 979 Hauptius
1584 937 1821 967 commen-

247 984 404 1037 dabat,
422 983 649 1039 pellectus
667 982 771 1025 loco
787 982 869 1025 illo
885 981 1083 1026 Horatii.
1111 983 1190 1025 sed
1207 981 1277 1024 ibi
1293 982 1525 1026 fenestrae
1543 982 1820 1037 quatiuntur

248 1042 472 1097 iactibus,
513 1041 590 1084 hic
623 1041 679 1085 de
711 1042 855 1084 ianua
886 1040 1065 1097 agitur3
1113 1054 1262 1096 neque
1301 1040 1452 1086 iactus
1491 1040 1697 1097 pertinet
1725 1039 1820 1084 nisi

251 1101 311 1143 ad
341 1100 605 1144 remotiora.

128 1163 214 1203 108
248 1160 433 1215 rapido]
466 1172 525 1202 ne
558 1157 660 1213 quis
699 1159 860 1202 rabido
899 1158 1150 1214 legendum
1189 1159 1344 1214 putet,
1386 1158 1651 1202 conferatur
1687 1157 1818 1202 locus

248 1218 445 1273 Vergilii
477 1217 572 1261 Ecl.
607 1217 647 1259 ΙΙ
677 1221 755 1271 10,
800 1230 939 1271 (1116111
978 1220 1138 1273 aperte
1178 1219 1336 1260 noster
1378 1217 1592 1260 imitatus
1637 1218 1728 1261 est:
1777 1221 1820 1262 et

246 1278 410 1333 rapido
441 1278 571 1330 fessis
601 1277 867 1320 messoribus
897 1282 1037 1320 aesta.

129 1340 215 1379 155
242 1335 551 1392 primumque]
586 1348 689 1377 cum
719 1334 953 1390 plerisque
998 1336 1046 1377 et
1076 1334 1267 1390 optimis
1307 1333 1591 1378 membranis
1629 1333 1818 1378 retinui.

248 1394 574 1437 Abundantius
594 1393 718 1436 enim
734 1392 1011 1448 Eutropium
1035 1394 1238 1449 primum
1255 1392 1450 1437 exitium
1468 1392 1560 1436 sibi
1579 1393 1816 1449 produxit,

249 1456 350 1496 tum
381 1454 450 1495 rei
479 1451 710 1507 publicae.

128 1517 213 1555 156
247 1511 367 1554 nihil
397 1513 447 1554 in
477 1511 564 1553 hoc
597 1524 733 1554 versu
764 1510 1042 1553 mutandum
1073 1512 1156 1555 est.
1211 1523 1361 1564 neque
1391 1509 1517 1553 enim
1541 1510 1600 1553 ad
1623 1523 1818 1554 summos

245 1572 433 1614 honores
462 1572 649 1613 trahere
682 1569 904 1612 debemus
937 1568 1208 1624 genetivum
1239 1570 1453 1624 thalami,
1485 1568 1569 1612 sed
1601 1571 1818 1625 spectant

247 1630 363 1672 haec
389 1628 449 1671 ad
473 1642 675 1671 summos
699 1627 1021 1683 magistratus,
1053 1627 1222 1682 quibus
1246 1627 1428 1683 potitus
1454 1629 1526 1670 est
1549 1627 1817 1684 Eutropius,

247 1701 385 1743 quem
421 1689 469 1730 ct
507 1686 742 1730 consulem
773 1690 821 1730 et
851 1687 1142 1742 praefectum
1176 1688 1414 1742 praetorio
1455 1688 1503 1729 et
1540 1686 1820 1742 magistrum

247 1746 450 1790 militum
478 1745 622 1789 fuisse
648 1759 676 1788 a
698 1745 846 1789 Birtio
873 1745 1119 1788 edocemur
1151 1749 1210 1800 (p.
1238 1744 1365 1787 XXX
1396 1760 1439 1790 n.
1469 1750 1494 1788 6
1519 1746 1567 1788 et
1591 1744 1641 1787 in
1664 1744 1820 1789 indice

249 1805 334 1848 sub
365 1805 583 1849 nomine
637 1804 782 1847 verba
812 1806 969 1847 autem
1001 1817 1120 1858 quae
1153 1806 1261 1846 sunt
1292 1805 1348 1847 ab
1373 1805 1477 1848 imis
1499 1804 1714 1848 thalamis
1742 1817 1819 1847 ex-

246 1863 548 1920 plicationem
571 1840 784 1906 habent
771 1863 829 1905 1is
856 1876 974 1918 quae
999 1877 1041 1905 v.
1063 1866 1205 1905 105—
1212 1867 1294 1905 109
1322 1862 1379 1905 (16
1403 1875 1593 1906 munere
1618 1861 1820 1906 eunuchi

247 1925 388 1978 poeta
417 1921 662 1977 prompsit.

126 1986 214 2025 172
248 1987 348 2026 vota
382 1981 499 2046 patz]
535 1979 620 2023 off
626 1979 857 2023 ndebatur
888 1979 960 2022 his
992 1979 1184 2034 Bittius;
1219 1979 1301 2022 sed
1323 1984 1428 2024 vota
1451 1980 1536 2023 alii
1561 1979 1687 2045 quod
1709 1993 1816 2036 pro-

247 2039 381 2096 ponit
411 2053 507 2082 lam
540 2053 593 2082 eo
627 2038 926 2082 intolerabile
956 2038 1170 2092 videtur,
1203 2037 1315 2093 quia
1346 2037 1588 2081 elisionem
1617 2038 1669 2081 in
1698 2038 1820 2082 hanc

248 2098 406 2141 sedem
449 2097 710 2140 hexametri
747 2111 830 2152 per
870 2096 1185 2140 coniecturam
1223 2096 1393 2140 inferre
1432 2096 1512 2143 vix
1549 2097 1675 2142 licet.
1729 2097 1820 2141 hoo

249 2160 407 2200 autem
446 2159 573 2200 recte
604 2171 646 2199 v.
682 2156 724 2199 d.
757 2155 959 2212 monuit,
1008 2155 1087 2211 agi
1129 2169 1221 2198 non
1265 2156 1322 2198 de
1362 2155 1486 2199 votis
1533 2157 1582 2199 et
1626 2155 1818 2199 somniis

247 2215 460 2271 Eutropii
495 2215 576 2258 sed
610 2214 829 2269 aliorum,
869 2214 1029 2269 itaque
1061 2214 1336 2257 vertendum
1366 2216 1461 2257 est:
1503 2228 1598 2258 was
1634 2215 1715 2269 f‘z‘isr
1745 2215 1819 2258 die

255 2275 478 2318 Wu'nsehe
525 2275 604 2318 der
642 2274 887 2318 Mense-hen
930 2274 1241 2330 mwrtragflich
1285 2274 1385 2317 wad
1428 2273 1561 2317 selbst
1604 2273 1686 2327 far
1721 2274 1819 2318 ihre

253 2334 445 2377 Tra-ame
477 2333 831 2376 unausdenkbar
861 2334 932 2376 ist.
987 2331 1115 2375 idem
1147 2331 1215 2374 Bi.
1248 2330 1298 2373 in
1337 2330 1489 2374 indice
1520 2345 1564 2386 p.
1591 2334 1677 2374 553
1709 2333 1819 2388 pati

250 2391 462 2435 defendit
495 2391 681 2435 conlato
706 2390 810 2435 Rus.
838 2390 882 2433 II
907 2395 931 2434 7
948 2410 956 2441 ;
992 2390 1056 2433 IV
1088 2404 1211 2434 cons.
1238 2393 1337 2432 177.
1391 2391 1518 2433 certe
1547 2392 1661 2434 satis
1691 2390 1818 2445 quod

245 2450 391 2493 habet
421 2449 707 2506 Isengrinius
738 2449 914 2492 nemini
945 2449 1166 2504 placebit.

129 2513 216 2552 175
249 2508 559 2552 Buechelerus
591 2508 736 2551 verba
771 2508 863 2565 Qui
888 2543 897 2552 .
919 2543 927 2552 .
948 2543 957 2552 .
983 2508 1243 2551 dissimulat
1273 2506 1322 2549 in
1353 2521 1494 2550 unam
1537 2507 1820 2550 sententiam

249 2566 577 2623 comprehendi
621 2567 765 2610 iubet.
833 2568 884 2610 at
922 2580 1032 2610 vero
1071 2566 1190 2609 illud
1229 2571 1410 2610 tantam
1439 2580 1481 2610 v.
1509 2570 1594 2609 174
1631 2579 1820 2622 prorsus

250 2625 417 2682 exigit,
457 2627 507 2668 ni
537 2625 697 2680 fallor,
746 2625 836 2668 sibi
867 2625 1042 2682 opponi
1073 2638 1235 2668 vocem
1265 2626 1406 2680 nihil,
1452 2637 1572 2680 quae
1612 2628 1740 2669 extat
1769 2624 1822 2668 in

253 2685 466 2739 sequenti
497 2699 648 2728 versu,

127 2746 214 2786 178
246 2743 514 2801 yemeseuntl
552 2743 587 2784 E
621 2745 667 2786 et
701 2742 753 2796 C,
802 2742 928 2797 quod
969 2741 1147 2797 recepi,
1195 2741 1308 2797 quia
1338 2741 1375 2784 E
1416 2755 1642 2785 summam
1680 2741 1732 2784 in
1768 2754 1819 2784 re

248 2801 614 2857 orthographica
637 2801 783 2844 habet
808 2800 1165 2853 auctoritatem3
1191 2801 1248 2844 cf.
1271 2800 1583 2844 ‘tremescere’
1610 2801 1660 2842 in
1683 2799 1818 2844 codd.

247 2860 553 2915 VergilianiS,
599 2859 787 2904 similia.
843 2859 1003 2915 itaque
1037 2859 1182 2902 etiam
1213 2861 1263 2903 in
1293 2859 1451 2914 Raptu
1474 2858 1540 2901 111
1564 2862 1650 2902 130
1678 2873 1820 2916 yeme-

247 2925 382 2964 scunt
412 2917 612 2962 restitui.
