2085 3215
192 106 265 158 20
735 102 976 147 CLAVD11
1009 104 1339 149 CLAVDIANI

193 239 425 293 Distulit
464 239 728 291 instantes
768 238 917 291 eluso
956 239 1197 308 principe
1235 257 1446 310 pugnas
1799 256 1890 297 320

194 313 478 365 Hunorum
518 313 727 364 laturus
769 331 945 382 opem,
985 331 1119 381 quos
1160 314 1341 365 adfore
1380 313 1524 365 bello

197 386 373 439 Norat
413 390 465 437 et
505 386 693 438 invisis
733 404 858 438 mox
900 405 954 438 se
994 386 1315 457 coniungere
1357 387 1560 439 castris,

304 460 407 511 Est
448 478 616 530 genus
657 463 924 512 extremos
966 460 1216 528 Scythiae
1255 460 1526 530 vergentis
1565 461 1622 513 in
1660 465 1812 514 ortus

196 533 367 585 Trans
407 533 644 604 gelidum
684 533 918 603 Tanain,
959 552 1064 602 quo
1104 552 1215 585 non
1253 534 1513 586 famosius
1551 535 1724 587 ullum

192 606 389 659 Arctos
430 607 540 659 alit.
619 607 823 676 Turpes
863 608 1083 659 habitus
1124 608 1492 676 obscaenaque
1530 608 1650 660 visu
1800 624 1889 664 325

197 680 457 750 Corpora3
496 699 647 734 mens
688 681 820 733 duro
859 699 1153 749 numquam
1194 699 1407 733 cessura
1446 682 1642 752 labori3

192 754 397 806 Praeda
439 755 612 824 cibus7
651 755 868 807 vitanda
907 754 1068 808 Ceres
1107 755 1446 823 frontemque
1487 756 1653 808 secari

190 828 373 880 Ludus
415 832 467 880 et
509 829 712 881 occisos
751 829 1036 897 pulchrum
1075 828 1250 880 iurare
1288 833 1552 897 parentes,

191 901 306 954 Nec
343 903 466 970 plus
505 903 805 973 nubigenas
847 903 1042 971 duplex
1079 906 1274 954 natura
1313 902 1570 955 biformes

196 974 454 1046 Cognatis
496 977 701 1044 aptavit
743 977 915 1046 equis3
956 976 1213 1028 acerrima
1250 976 1402 1028 nullo
1799 993 1886 1031 330

192 1048 389 1101 Ordine
428 1049 704 1102 mobilitas
743 1050 1109 1119 insperatique
1148 1068 1409 1102 recursus.

305 1122 449 1184 Quos
488 1127 671 1175 tamen
709 1124 1009 1192 impavidus
1051 1127 1238 1176 contra
1278 1123 1578 1192 spumantis
1619 1124 1685 1176 ad
1714 1124 1889 1178 Hebri

191 1195 385 1247 Tendis
427 1215 592 1265 aquas
602 1240 616 1266 ‚
657 1197 731 1249 sic
771 1201 895 1250 ante
933 1198 1095 1249 tubas
1136 1197 1407 1266 aciemque
1445 1202 1715 1266 precatus:

191 1269 456 1339 ‘Mam-s,
494 1270 744 1322 nubifero
787 1290 880 1323 seu
919 1275 981 1323 tu
1018 1271 1329 1340 procumbis
1368 1271 1426 1323 in
1463 1271 1670 1324 Haemo

190 1341 295 1395 Seu
334 1347 388 1395 te
429 1362 559 1395 cana
599 1345 724 1415 gelu
762 1345 1024 1413 Rhodope
1065 1363 1157 1397 seu
1197 1345 1398 1415 remige
1436 1344 1593 1397 Medo
1799 1361 1886 1400 335

191 1415 527 1469 Sollicitatus
566 1417 744 1470 Athos
786 1437 879 1471 seu
920 1419 1209 1489 caligantia
1245 1418 1417 1489 nigris

187 1489 410 1542 Ilicibus
449 1490 698 1562 Pangaea
736 1496 944 1562 tenent,
985 1493 1260 1563 accingere
1299 1510 1507 1544 mecum

188 1563 262 1615 Et
302 1564 536 1616 Thracas
579 1566 797 1618 defende
835 1570 974 1618 tuos,
1054 1565 1109 1618 Si
1149 1566 1343 1618 laetior
1382 1565 1521 1618 adsit

193 1636 401 1706 Gloria,
440 1639 636 1691 vestita
679 1640 867 1707 spoliis
909 1640 1174 1692 donabere
1216 1639 1453 1707 quercu'.

301 1710 489 1763 Audiit
529 1712 623 1764 illa
661 1716 815 1781 pater
855 1713 1195 1781 scopulisque
1233 1712 1504 1764 nivalibus
1542 1712 1735 1766 Haemi
1797 1730 1884 1769 340

191 1782 377 1854 Surgit
418 1789 469 1836 et
508 1785 759 1838 hortatur
800 1787 994 1838 celeres
1035 1788 1265 1839 clamore
1305 1786 1604 1838 ministros:

193 1856 321 1908 eFer
360 1859 592 1929 galeam,
631 1860 878 1929 Bellona,
917 1861 1050 1912 mihi
1088 1879 1365 1928 nexusque
1404 1863 1646 1912 rotarum

190 1929 389 2000 Tende,
428 1932 616 1985 Pavor.
693 1933 888 1985 Frenet
928 1934 1144 2002 rapidos
1183 1933 1436 1985 Formido
1475 1934 1697 2004 iugales,

187 2002 231 2055 F
235 2005 435 2056 estinas
475 2011 662 2077 urgete
702 2026 906 2060 manus,
984 2008 1137 2059 Meus
1178 2026 1295 2059 ecce
1334 2011 1556 2075 paratur

187 2076 274 2129 Ad
313 2079 516 2131 bellum
557 2079 807 2151 Stilicho,
848 2081 940 2149 qui
978 2100 1063 2133 me
1104 2082 1166 2133 de
1205 2099 1352 2133 more
1393 2081 1628 2149 tropaeis
1795 2098 1880 2137 345

186 2150 342 2203 Ditat
382 2158 433 2204 et
472 2153 700 2206 hostiles
741 2155 1019 2223 suspendit
1058 2156 1116 2207 in
1155 2155 1344 2207 arbore
1386 2155 1589 2208 cristas.

189 2223 508 2279 Communes
550 2246 758 2297 semper
795 2229 940 2299 litui,
982 2229 1283 2282 communia
1321 2228 1479 2280 nobis

187 2296 354 2368 Signa
394 2305 592 2353 canunt
631 2302 922 2370 iunctoque
963 2321 1159 2371 sequor
1195 2302 1431 2354 tentoria
1471 2303 1670 2354 curru'.

189 2369 277 2423 Sic
316 2373 460 2425 fatus
503 2393 688 2444 campo
728 2376 939 2428 insiluit
978 2377 1193 2444 lateque
1232 2376 1447 2445 fugatas

183 2443 325 2497 Hinc
368 2445 594 2500 Stilicho
634 2453 839 2502 turmas
849 2494 862 2519 7
900 2450 1050 2502 imno
1090 2449 1354 2503 Gradivus
1394 2449 1589 2518 agebat
1791 2465 1878 2504 350

184 2516 258 2569 Et
300 2519 482 2587 clipeis
524 2526 575 2574 et
614 2524 755 2575 mole
793 2542 971 2593 pares3
1014 2528 1122 2576 stat
1162 2523 1327 2575 cassis
1366 2522 1580 2590 utrique

185 2589 414 2644 Sidereis
454 2595 663 2648 hirsuta
702 2597 845 2649 iubis
884 2597 1156 2666 loricaque
1197 2615 1355 2649 cursu

183 2662 413 2718 Aestuat
454 2673 505 2720 et
545 2670 696 2741 largo
739 2674 1013 2723 saturatur
1051 2672 1270 2723 vulnere
1310 2687 1517 2721 cornus

294 2737 487 2793 Acrior
525 2742 727 2795 interea
766 2748 893 2796 voto
934 2745 1227 2812 multisque
1266 2743 1515 2813 Megaera

183 2811 478 2865 Luxuriata
518 2817 674 2868 malis
714 2822 975 2870 maestam
1015 2816 1291 2886 deprendit
1330 2816 1388 2867 in
1427 2834 1545 2868 arce
1787 2833 1873 2871 355

181 2883 453 2939 Iustitiam
494 2889 713 2958 diroque
751 2891 900 2960 prior
938 2892 1015 2944 sic
1055 2910 1144 2943 ore
1183 2890 1418 2943 lacessit:
