<?xml version="1.0" encoding="UTF-8"?>
<!DOCTYPE html PUBLIC "-//W3C//DTD XHTML 1.0 Transitional//EN"
    "http://www.w3.org/TR/xhtml1/DTD/xhtml1-transitional.dtd">
<html xmlns="http://www.w3.org/1999/xhtml" xml:lang="en" lang="en">
 <head>
  <title>
</title>
<meta http-equiv="Content-Type" content="text/html;charset=utf-8" />
  <meta name='ocr-system' content='tesseract 3.04.00' />
  <meta name='ocr-capabilities' content='ocr_page ocr_carea ocr_par ocr_line ocrx_word'/>
</head>
<body>
  <div class='ocr_page' id='page_1' title='image "./carmina00clauuoft_0272.png"; bbox 0 0 2044 3220; ppageno 0'>
   <div class='ocr_carea' id='block_1_1' title="bbox 136 142 1306 196">
    <p class='ocr_par' dir='ltr' id='par_1_1' title="bbox 136 142 1306 196">
     <span class='ocr_line' id='line_1_1' title="bbox 136 142 1306 196; baseline -0.007 0"><span class='ocrx_word' id='word_1_1' title='bbox 136 143 247 196; x_wconf 80' lang='grc'>204</span> <span class='ocrx_word' id='word_1_2' title='bbox 697 142 941 189; x_wconf 75' lang='lat' dir='ltr'>CLAV&#39;DII</span> <span class='ocrx_word' id='word_1_3' title='bbox 974 143 1306 189; x_wconf 81' lang='lat' dir='ltr'>CLAVDIANI</span> 
     </span>
    </p>
   </div>
   <div class='ocr_carea' id='block_1_2' title="bbox 129 278 1704 2722">
    <p class='ocr_par' dir='ltr' id='par_1_2' title="bbox 133 278 1681 942">
     <span class='ocr_line' id='line_1_2' title="bbox 138 278 1441 350; baseline -0.001 -17"><span class='ocrx_word' id='word_1_4' title='bbox 138 278 380 333; x_wconf 86' lang='lat' dir='ltr'>Scrutari</span> <span class='ocrx_word' id='word_1_5' title='bbox 423 279 469 331; x_wconf 90' lang='lat' dir='ltr'>si</span> <span class='ocrx_word' id='word_1_6' title='bbox 508 297 633 331; x_wconf 84' lang='lat' dir='ltr'>vera</span> <span class='ocrx_word' id='word_1_7' title='bbox 671 279 828 350; x_wconf 61' lang='grc'>176113,</span> <span class='ocrx_word' id='word_1_8' title='bbox 868 279 982 332; x_wconf 85' lang='lat' dir='ltr'>fera</span> <span class='ocrx_word' id='word_1_9' title='bbox 1018 279 1211 333; x_wconf 87' lang='lat' dir='ltr'>nuntia</span> <span class='ocrx_word' id='word_1_10' title='bbox 1248 279 1441 332; x_wconf 89' lang='lat' dir='ltr'>Martis</span> 
     </span>
     <span class='ocr_line' id='line_1_3' title="bbox 137 352 1500 425; baseline 0.001 -20"><span class='ocrx_word' id='word_1_11' title='bbox 137 353 244 406; x_wconf 87' lang='lat' dir='ltr'>Ora</span> <span class='ocrx_word' id='word_1_12' title='bbox 284 354 383 405; x_wconf 90' lang='lat' dir='ltr'>sub</span> <span class='ocrx_word' id='word_1_13' title='bbox 424 352 662 424; x_wconf 85' lang='lat' dir='ltr'>Augusti</span> <span class='ocrx_word' id='word_1_14' title='bbox 703 372 951 406; x_wconf 87' lang='lat' dir='ltr'>casurum</span> <span class='ocrx_word' id='word_1_15' title='bbox 989 354 1227 423; x_wconf 90' lang='lat' dir='ltr'>prodidit</span> <span class='ocrx_word' id='word_1_16' title='bbox 1265 354 1500 425; x_wconf 81' lang='lat' dir='ltr'>hostem,</span> 
     </span>
     <span class='ocr_line' id='line_1_4' title="bbox 135 427 1508 499; baseline 0.001 -20"><span class='ocrx_word' id='word_1_17' title='bbox 135 427 318 496; x_wconf 89' lang='lat' dir='ltr'>thue</span> <span class='ocrx_word' id='word_1_18' title='bbox 357 446 549 480; x_wconf 88' lang='lat' dir='ltr'>manus</span> <span class='ocrx_word' id='word_1_19' title='bbox 589 431 744 480; x_wconf 89' lang='lat' dir='ltr'>utero</span> <span class='ocrx_word' id='word_1_20' title='bbox 783 428 981 480; x_wconf 83' lang='lat' dir='ltr'>virides</span> <span class='ocrx_word' id='word_1_21' title='bbox 1020 432 1240 497; x_wconf 89' lang='lat' dir='ltr'>patuere</span> <span class='ocrx_word' id='word_1_22' title='bbox 1280 432 1508 499; x_wconf 84' lang='lat' dir='ltr'>retect0‚</span> 
     </span>
     <span class='ocr_line' id='line_1_5' title="bbox 134 501 1541 572; baseline 0.001 -19"><span class='ocrx_word' id='word_1_23' title='bbox 134 501 367 554; x_wconf 84' lang='lat' dir='ltr'>Romula</span> <span class='ocrx_word' id='word_1_24' title='bbox 407 505 533 570; x_wconf 87' lang='lat' dir='ltr'>post</span> <span class='ocrx_word' id='word_1_25' title='bbox 571 506 759 571; x_wconf 88' lang='lat' dir='ltr'>ruptas</span> <span class='ocrx_word' id='word_1_26' title='bbox 798 502 971 555; x_wconf 86' lang='lat' dir='ltr'>virtus</span> <span class='ocrx_word' id='word_1_27' title='bbox 1012 502 1089 555; x_wconf 90' lang='lat' dir='ltr'>sic</span> <span class='ocrx_word' id='word_1_28' title='bbox 1128 502 1320 555; x_wconf 89' lang='lat' dir='ltr'>emicat</span> <span class='ocrx_word' id='word_1_29' title='bbox 1358 501 1541 572; x_wconf 84' lang='lat' dir='ltr'>Alpes,</span> 
     </span>
     <span class='ocr_line' id='line_1_6' title="bbox 136 574 1681 645; baseline 0.001 -15"><span class='ocrx_word' id='word_1_30' title='bbox 136 574 242 630; x_wconf 82' lang='lat' dir='ltr'>Sed</span> <span class='ocrx_word' id='word_1_31' title='bbox 279 575 455 628; x_wconf 88' lang='lat' dir='ltr'>malus</span> <span class='ocrx_word' id='word_1_32' title='bbox 495 576 759 645; x_wconf 74' lang='lat' dir='ltr'>interpres</span> <span class='ocrx_word' id='word_1_33' title='bbox 799 595 978 629; x_wconf 89' lang='lat' dir='ltr'>rerum</span> <span class='ocrx_word' id='word_1_34' title='bbox 1017 581 1193 629; x_wconf 87' lang='lat' dir='ltr'>metus</span> <span class='ocrx_word' id='word_1_35' title='bbox 1235 595 1390 629; x_wconf 93' lang='lat' dir='ltr'>omne</span> <span class='ocrx_word' id='word_1_36' title='bbox 1429 577 1681 632; x_wconf 81' lang='lat' dir='ltr'>trahebat</span> 
     </span>
     <span class='ocr_line' id='line_1_7' title="bbox 134 649 1481 720; baseline 0.001 -19"><span class='ocrx_word' id='word_1_37' title='bbox 134 649 441 720; x_wconf 83' lang='lat' dir='ltr'>Augurium</span> <span class='ocrx_word' id='word_1_38' title='bbox 479 650 660 719; x_wconf 91' lang='lat' dir='ltr'>peiore</span> <span class='ocrx_word' id='word_1_39' title='bbox 697 651 806 703; x_wconf 85' lang='lat' dir='ltr'>via:</span> <span class='ocrx_word' id='word_1_40' title='bbox 847 654 1201 719; x_wconf 87' lang='lat' dir='ltr'>truncataque</span> <span class='ocrx_word' id='word_1_41' title='bbox 1240 651 1481 704; x_wconf 87' lang='lat' dir='ltr'>membra</span> 
     </span>
     <span class='ocr_line' id='line_1_8' title="bbox 133 723 1550 796; baseline 0.001 -20"><span class='ocrx_word' id='word_1_42' title='bbox 133 723 522 793; x_wconf 89' lang='lat' dir='ltr'>Nutricemque</span> <span class='ocrx_word' id='word_1_43' title='bbox 561 725 746 794; x_wconf 85' lang='lat' dir='ltr'>lupam</span> <span class='ocrx_word' id='word_1_44' title='bbox 784 725 989 777; x_wconf 86' lang='lat' dir='ltr'>Romae</span> <span class='ocrx_word' id='word_1_45' title='bbox 1028 743 1302 796; x_wconf 83' lang='lat' dir='ltr'>regnoque</span> <span class='ocrx_word' id='word_1_46' title='bbox 1341 726 1550 779; x_wconf 89' lang='lat' dir='ltr'>minari.</span> 
     </span>
     <span class='ocr_line' id='line_1_9' title="bbox 136 797 1461 868; baseline 0.002 -18"><span class='ocrx_word' id='word_1_47' title='bbox 136 797 287 850; x_wconf 89' lang='lat' dir='ltr'>Tunc</span> <span class='ocrx_word' id='word_1_48' title='bbox 326 802 579 868; x_wconf 86' lang='lat' dir='ltr'>reputant</span> <span class='ocrx_word' id='word_1_49' title='bbox 620 817 790 851; x_wconf 89' lang='lat' dir='ltr'>annos</span> <span class='ocrx_word' id='word_1_50' title='bbox 830 800 1234 868; x_wconf 73' lang='lat' dir='ltr'>interceptoque</span> <span class='ocrx_word' id='word_1_51' title='bbox 1273 800 1461 852; x_wconf 84' lang='lat' dir='ltr'>volatu</span> 
     </span>
     <span class='ocr_line' id='line_1_10' title="bbox 134 871 1477 942; baseline 0.001 -18"><span class='ocrx_word' id='word_1_52' title='bbox 134 871 386 924; x_wconf 85' lang='lat' dir='ltr'>Vulturis</span> <span class='ocrx_word' id='word_1_53' title='bbox 426 872 670 925; x_wconf 86' lang='lat' dir='ltr'>:incidunt</span> <span class='ocrx_word' id='word_1_54' title='bbox 709 873 1013 942; x_wconf 87' lang='lat' dir='ltr'>properatis</span> <span class='ocrx_word' id='word_1_55' title='bbox 1054 874 1266 926; x_wconf 84' lang='lat' dir='ltr'>saecula</span> <span class='ocrx_word' id='word_1_56' title='bbox 1305 874 1477 927; x_wconf 81' lang='lat' dir='ltr'>metis,</span> 
     </span>
    </p>

    <p class='ocr_par' dir='ltr' id='par_1_3' title="bbox 129 945 1658 2558">
     <span class='ocr_line' id='line_1_11' title="bbox 249 945 1658 1021; baseline 0.002 -23"><span class='ocrx_word' id='word_1_57' title='bbox 249 945 409 999; x_wconf 86' lang='lat' dir='ltr'>Solus</span> <span class='ocrx_word' id='word_1_58' title='bbox 451 951 565 999; x_wconf 88' lang='lat' dir='ltr'>erat</span> <span class='ocrx_word' id='word_1_59' title='bbox 607 946 858 1017; x_wconf 79' lang='lat' dir='ltr'>Stilich0‚</span> <span class='ocrx_word' id='word_1_60' title='bbox 900 947 993 1016; x_wconf 91' lang='lat' dir='ltr'>qui</span> <span class='ocrx_word' id='word_1_61' title='bbox 1034 947 1444 1016; x_wconf 70' lang='lat' dir='ltr'>desperantibus</span> <span class='ocrx_word' id='word_1_62' title='bbox 1485 967 1658 1021; x_wconf 80' lang='lat' dir='ltr'>augur</span> 
     </span>
     <span class='ocr_line' id='line_1_12' title="bbox 134 1019 1494 1091; baseline 0.002 -19"><span class='ocrx_word' id='word_1_63' title='bbox 134 1019 434 1088; x_wconf 85' lang='lat' dir='ltr'>Sponderet</span> <span class='ocrx_word' id='word_1_64' title='bbox 472 1022 698 1073; x_wconf 80' lang='lat' dir='ltr'>meliora</span> <span class='ocrx_word' id='word_1_65' title='bbox 737 1041 900 1074; x_wconf 89' lang='lat' dir='ltr'>manu</span> <span class='ocrx_word' id='word_1_66' title='bbox 909 1066 923 1091; x_wconf 68' lang='lat'><em>7</em></span> <span class='ocrx_word' id='word_1_67' title='bbox 964 1022 1261 1091; x_wconf 83' lang='lat' dir='ltr'>dubiaeque</span> <span class='ocrx_word' id='word_1_68' title='bbox 1302 1022 1494 1075; x_wconf 89' lang='lat' dir='ltr'>salutis</span> 
     </span>
     <span class='ocr_line' id='line_1_13' title="bbox 132 1094 1528 1166; baseline 0.002 -20"><span class='ocrx_word' id='word_1_69' title='bbox 132 1094 258 1146; x_wconf 83' lang='lat' dir='ltr'>Dux</span> <span class='ocrx_word' id='word_1_70' title='bbox 298 1095 439 1146; x_wconf 91' lang='lat' dir='ltr'>idem</span> <span class='ocrx_word' id='word_1_71' title='bbox 478 1099 736 1164; x_wconf 84' lang='lat' dir='ltr'>vatesque</span> <span class='ocrx_word' id='word_1_72' title='bbox 775 1096 893 1148; x_wconf 75' lang='lat' dir='ltr'>fuit.</span> <span class='ocrx_word' id='word_1_73' title='bbox 958 1096 1182 1149; x_wconf 70' lang='lat' dir='ltr'>‘Durate</span> <span class='ocrx_word' id='word_1_74' title='bbox 1221 1097 1528 1166; x_wconf 86' lang='lat' dir='ltr'>parumper&#39;</span> 
     </span>
     <span class='ocr_line' id='line_1_14' title="bbox 132 1167 1537 1240; baseline 0.003 -20"><span class='ocrx_word' id='word_1_75' title='bbox 132 1167 320 1236; x_wconf 92' lang='lat' dir='ltr'>Inquit</span> <span class='ocrx_word' id='word_1_76' title='bbox 362 1169 433 1221; x_wconf 68' lang='lat' dir='ltr'>‘et</span> <span class='ocrx_word' id='word_1_77' title='bbox 473 1169 713 1222; x_wconf 79' lang='lat' dir='ltr'>excussis</span> <span class='ocrx_word' id='word_1_78' title='bbox 753 1170 1109 1223; x_wconf 80' lang='lat' dir='ltr'>muliebribus</span> <span class='ocrx_word' id='word_1_79' title='bbox 1151 1189 1240 1223; x_wconf 89' lang='lat' dir='ltr'>ore</span> <span class='ocrx_word' id='word_1_80' title='bbox 1282 1172 1537 1240; x_wconf 84' lang='lat' dir='ltr'>querellis</span> 
     </span>
     <span class='ocr_line' id='line_1_15' title="bbox 132 1241 1598 1315; baseline 0.003 -21"><span class='ocrx_word' id='word_1_81' title='bbox 132 1241 393 1295; x_wconf 87' lang='lat' dir='ltr'>Fatorum</span> <span class='ocrx_word' id='word_1_82' title='bbox 432 1244 724 1296; x_wconf 89' lang='lat' dir='ltr'>toleremus</span> <span class='ocrx_word' id='word_1_83' title='bbox 767 1263 916 1297; x_wconf 90' lang='grc'>011113.</span> <span class='ocrx_word' id='word_1_84' title='bbox 978 1244 1075 1298; x_wconf 90' lang='lat' dir='ltr'>Nil</span> <span class='ocrx_word' id='word_1_85' title='bbox 1112 1245 1329 1298; x_wconf 89' lang='lat' dir='ltr'>nautica</span> <span class='ocrx_word' id='word_1_86' title='bbox 1367 1250 1598 1315; x_wconf 88' lang='lat' dir='ltr'>prosunt</span> 
     </span>
     <span class='ocr_line' id='line_1_16' title="bbox 133 1316 1471 1390; baseline 0.003 -22"><span class='ocrx_word' id='word_1_87' title='bbox 133 1316 403 1369; x_wconf 87' lang='lat' dir='ltr'>Turbatae</span> <span class='ocrx_word' id='word_1_88' title='bbox 443 1318 679 1370; x_wconf 89' lang='lat' dir='ltr'>lamenta</span> <span class='ocrx_word' id='word_1_89' title='bbox 717 1319 823 1371; x_wconf 89' lang='lat' dir='ltr'>rati</span> <span class='ocrx_word' id='word_1_90' title='bbox 861 1337 960 1371; x_wconf 92' lang='grc'>1166</span> <span class='ocrx_word' id='word_1_91' title='bbox 1001 1319 1257 1390; x_wconf 83' lang='lat' dir='ltr'>segnibus</span> <span class='ocrx_word' id='word_1_92' title='bbox 1297 1320 1471 1372; x_wconf 87' lang='lat' dir='ltr'>undae</span> 
     </span>
     <span class='ocr_line' id='line_1_17' title="bbox 130 1390 1558 1448; baseline 0.003 -5"><span class='ocrx_word' id='word_1_93' title='bbox 130 1390 448 1444; x_wconf 88' lang='lat' dir='ltr'>Planctibus</span> <span class='ocrx_word' id='word_1_94' title='bbox 489 1396 583 1445; x_wconf 89' lang='lat' dir='ltr'>aut</span> <span class='ocrx_word' id='word_1_95' title='bbox 621 1393 775 1445; x_wconf 86' lang='lat' dir='ltr'>vanis</span> <span class='ocrx_word' id='word_1_96' title='bbox 814 1393 1105 1446; x_wconf 87' lang='lat' dir='ltr'>mitescunt</span> <span class='ocrx_word' id='word_1_97' title='bbox 1144 1394 1363 1446; x_wconf 87' lang='lat' dir='ltr'>flamina</span> <span class='ocrx_word' id='word_1_98' title='bbox 1402 1394 1558 1448; x_wconf 81' lang='lat' dir='ltr'>votis,</span> 
     </span>
     <span class='ocr_line' id='line_1_18' title="bbox 133 1463 1476 1537; baseline 0.003 -20"><span class='ocrx_word' id='word_1_99' title='bbox 133 1463 294 1518; x_wconf 89' lang='lat' dir='ltr'>Nunc</span> <span class='ocrx_word' id='word_1_100' title='bbox 334 1466 537 1519; x_wconf 88' lang='lat' dir='ltr'>instare</span> <span class='ocrx_word' id='word_1_101' title='bbox 576 1486 763 1537; x_wconf 72' lang='lat' dir='ltr'>manu,</span> <span class='ocrx_word' id='word_1_102' title='bbox 801 1471 920 1520; x_wconf 91' lang='lat' dir='ltr'>toto</span> <span class='ocrx_word' id='word_1_103' title='bbox 959 1486 1103 1520; x_wconf 93' lang='lat' dir='ltr'>nunc</span> <span class='ocrx_word' id='word_1_104' title='bbox 1142 1468 1335 1521; x_wconf 88' lang='lat' dir='ltr'>robore</span> <span class='ocrx_word' id='word_1_105' title='bbox 1374 1469 1476 1521; x_wconf 92' lang='lat' dir='ltr'>niti</span> 
     </span>
     <span class='ocr_line' id='line_1_19' title="bbox 137 1538 1475 1613; baseline 0.003 -22"><span class='ocrx_word' id='word_1_106' title='bbox 137 1538 421 1592; x_wconf 88' lang='lat' dir='ltr'>Communi</span> <span class='ocrx_word' id='word_1_107' title='bbox 459 1559 558 1610; x_wconf 92' lang='lat' dir='ltr'>pro</span> <span class='ocrx_word' id='word_1_108' title='bbox 599 1541 718 1594; x_wconf 89' lang='lat' dir='ltr'>luce</span> <span class='ocrx_word' id='word_1_109' title='bbox 759 1542 929 1595; x_wconf 89' lang='lat' dir='ltr'>decet:</span> <span class='ocrx_word' id='word_1_110' title='bbox 971 1560 1278 1595; x_wconf 83' lang='lat' dir='ltr'>succurrere</span> <span class='ocrx_word' id='word_1_111' title='bbox 1318 1543 1475 1613; x_wconf 81' lang='lat' dir='ltr'>velis,</span> 
     </span>
     <span class='ocr_line' id='line_1_20' title="bbox 133 1613 1438 1686; baseline 0.003 -21"><span class='ocrx_word' id='word_1_112' title='bbox 133 1613 438 1666; x_wconf 81' lang='lat' dir='ltr'>Exhaurire</span> <span class='ocrx_word' id='word_1_113' title='bbox 478 1615 701 1686; x_wconf 75' lang='lat' dir='ltr'>fretum,</span> <span class='ocrx_word' id='word_1_114' title='bbox 740 1616 920 1668; x_wconf 84' lang='lat' dir='ltr'>varios</span> <span class='ocrx_word' id='word_1_115' title='bbox 961 1619 1145 1685; x_wconf 85' lang='lat' dir='ltr'>aptare</span> <span class='ocrx_word' id='word_1_116' title='bbox 1185 1617 1438 1669; x_wconf 90' lang='lat' dir='ltr'>rudentes</span> 
     </span>
     <span class='ocr_line' id='line_1_21' title="bbox 135 1685 1408 1761; baseline 0.002 -22"><span class='ocrx_word' id='word_1_117' title='bbox 135 1685 399 1740; x_wconf 87' lang='lat' dir='ltr'>Omnibus</span> <span class='ocrx_word' id='word_1_118' title='bbox 440 1691 493 1740; x_wconf 90' lang='lat' dir='ltr'>et</span> <span class='ocrx_word' id='word_1_119' title='bbox 533 1688 678 1741; x_wconf 88' lang='lat' dir='ltr'>docti</span> <span class='ocrx_word' id='word_1_120' title='bbox 716 1690 879 1741; x_wconf 89' lang='lat' dir='ltr'>iussis</span> <span class='ocrx_word' id='word_1_121' title='bbox 918 1708 1105 1758; x_wconf 87' lang='lat' dir='ltr'>parere</span> <span class='ocrx_word' id='word_1_122' title='bbox 1144 1691 1408 1761; x_wconf 85' lang='lat' dir='ltr'>magistri.</span> 
     </span>
     <span class='ocr_line' id='line_1_22' title="bbox 132 1760 1438 1833; baseline 0.002 -20"><span class='ocrx_word' id='word_1_123' title='bbox 132 1760 282 1831; x_wconf 73' lang='lat' dir='ltr'>Non,</span> <span class='ocrx_word' id='word_1_124' title='bbox 323 1761 370 1813; x_wconf 90' lang='lat' dir='ltr'>si</span> <span class='ocrx_word' id='word_1_125' title='bbox 407 1762 631 1831; x_wconf 89' lang='lat' dir='ltr'>perfidia</span> <span class='ocrx_word' id='word_1_126' title='bbox 670 1763 816 1815; x_wconf 89' lang='lat' dir='ltr'>nacti</span> <span class='ocrx_word' id='word_1_127' title='bbox 854 1764 1186 1832; x_wconf 88' lang='lat' dir='ltr'>penetrabile</span> <span class='ocrx_word' id='word_1_128' title='bbox 1224 1768 1438 1833; x_wconf 90' lang='lat' dir='ltr'>tempus</span> 
     </span>
     <span class='ocr_line' id='line_1_23' title="bbox 132 1833 1453 1906; baseline 0.003 -19"><span class='ocrx_word' id='word_1_129' title='bbox 132 1833 391 1904; x_wconf 89' lang='lat' dir='ltr'>Inrupere</span> <span class='ocrx_word' id='word_1_130' title='bbox 433 1835 621 1906; x_wconf 74' lang='lat' dir='ltr'>Getae⁷</span> <span class='ocrx_word' id='word_1_131' title='bbox 660 1841 876 1889; x_wconf 90' lang='lat' dir='ltr'>nostras</span> <span class='ocrx_word' id='word_1_132' title='bbox 917 1838 1043 1890; x_wconf 91' lang='lat' dir='ltr'>dum</span> <span class='ocrx_word' id='word_1_133' title='bbox 1082 1838 1272 1890; x_wconf 84' lang='lat' dir='ltr'>Raetia</span> <span class='ocrx_word' id='word_1_134' title='bbox 1312 1839 1453 1892; x_wconf 84' lang='lat' dir='ltr'>vires</span> 
     </span>
     <span class='ocr_line' id='line_1_24' title="bbox 134 1907 1555 1984; baseline 0.003 -23"><span class='ocrx_word' id='word_1_135' title='bbox 134 1907 374 1978; x_wconf 87' lang='lat' dir='ltr'>Occupat</span> <span class='ocrx_word' id='word_1_136' title='bbox 415 1914 577 1979; x_wconf 89' lang='lat' dir='ltr'>atque</span> <span class='ocrx_word' id='word_1_137' title='bbox 617 1911 725 1963; x_wconf 87' lang='lat' dir='ltr'>alio</span> <span class='ocrx_word' id='word_1_138' title='bbox 768 1911 1028 1964; x_wconf 89' lang='lat' dir='ltr'>desudant</span> <span class='ocrx_word' id='word_1_139' title='bbox 1068 1912 1241 1964; x_wconf 86' lang='lat' dir='ltr'>Marte</span> <span class='ocrx_word' id='word_1_140' title='bbox 1283 1913 1555 1984; x_wconf 83' lang='lat' dir='ltr'>cohorteS,</span> 
     </span>
     <span class='ocr_line' id='line_1_25' title="bbox 131 1981 1420 2056; baseline 0.004 -21"><span class='ocrx_word' id='word_1_141' title='bbox 131 1981 337 2036; x_wconf 89' lang='lat' dir='ltr'>Idcirco</span> <span class='ocrx_word' id='word_1_142' title='bbox 379 2003 500 2053; x_wconf 88' lang='lat' dir='ltr'>spes</span> <span class='ocrx_word' id='word_1_143' title='bbox 543 1985 716 2037; x_wconf 88' lang='lat' dir='ltr'>omnis</span> <span class='ocrx_word' id='word_1_144' title='bbox 756 1985 884 2038; x_wconf 88' lang='lat' dir='ltr'>abit.</span> <span class='ocrx_word' id='word_1_145' title='bbox 947 1985 1196 2039; x_wconf 89' lang='lat' dir='ltr'>Mirabile</span> <span class='ocrx_word' id='word_1_146' title='bbox 1235 1991 1420 2056; x_wconf 89' lang='lat' dir='ltr'>posset</span> 
     </span>
     <span class='ocr_line' id='line_1_26' title="bbox 130 2056 1506 2130; baseline 0.004 -21"><span class='ocrx_word' id='word_1_147' title='bbox 130 2056 268 2109; x_wconf 86' lang='lat' dir='ltr'>Esse</span> <span class='ocrx_word' id='word_1_148' title='bbox 307 2058 463 2128; x_wconf 77' lang='lat' dir='ltr'>mihi,</span> <span class='ocrx_word' id='word_1_149' title='bbox 505 2058 550 2110; x_wconf 90' lang='lat' dir='ltr'>si</span> <span class='ocrx_word' id='word_1_150' title='bbox 590 2059 777 2112; x_wconf 83' lang='lat' dir='ltr'>fraude</span> <span class='ocrx_word' id='word_1_151' title='bbox 815 2079 955 2113; x_wconf 86' lang='lat' dir='ltr'>nova</span> <span class='ocrx_word' id='word_1_152' title='bbox 994 2061 1080 2113; x_wconf 89' lang='lat' dir='ltr'>vel</span> <span class='ocrx_word' id='word_1_153' title='bbox 1121 2061 1254 2113; x_wconf 90' lang='lat' dir='ltr'>calle</span> <span class='ocrx_word' id='word_1_154' title='bbox 1294 2065 1506 2130; x_wconf 87' lang='lat' dir='ltr'>reperto</span> 
     </span>
     <span class='ocr_line' id='line_1_27' title="bbox 131 2131 1450 2206; baseline 0.004 -23"><span class='ocrx_word' id='word_1_155' title='bbox 131 2131 405 2184; x_wconf 87' lang='lat' dir='ltr'>Barbarus</span> <span class='ocrx_word' id='word_1_156' title='bbox 445 2133 663 2204; x_wconf 82' lang='lat' dir='ltr'>ignotas</span> <span class='ocrx_word' id='word_1_157' title='bbox 702 2134 977 2187; x_wconf 85' lang='lat' dir='ltr'>invaderet</span> <span class='ocrx_word' id='word_1_158' title='bbox 1017 2134 1220 2188; x_wconf 92' lang='lat' dir='ltr'>inscius</span> <span class='ocrx_word' id='word_1_159' title='bbox 1259 2134 1450 2206; x_wconf 77' lang='lat' dir='ltr'>Alpes3</span> 
     </span>
     <span class='ocr_line' id='line_1_28' title="bbox 130 2203 1502 2278; baseline 0.003 -20"><span class='ocrx_word' id='word_1_160' title='bbox 130 2203 291 2258; x_wconf 86' lang='lat' dir='ltr'>Nunc</span> <span class='ocrx_word' id='word_1_161' title='bbox 331 2225 457 2259; x_wconf 86' lang='lat' dir='ltr'>vero</span> <span class='ocrx_word' id='word_1_162' title='bbox 500 2207 729 2277; x_wconf 87' lang='lat' dir='ltr'>geminis</span> <span class='ocrx_word' id='word_1_163' title='bbox 771 2209 947 2260; x_wconf 88' lang='lat' dir='ltr'>clades</span> <span class='ocrx_word' id='word_1_164' title='bbox 987 2209 1217 2278; x_wconf 87' lang='lat' dir='ltr'>repetita</span> <span class='ocrx_word' id='word_1_165' title='bbox 1256 2210 1502 2278; x_wconf 81' lang='lat' dir='ltr'>tyrannis</span> 
     </span>
     <span class='ocr_line' id='line_1_29' title="bbox 129 2278 1387 2352; baseline 0.004 -21"><span class='ocrx_word' id='word_1_166' title='bbox 129 2278 421 2333; x_wconf 89' lang='lat' dir='ltr'>Famosum</span> <span class='ocrx_word' id='word_1_167' title='bbox 460 2282 705 2352; x_wconf 82' lang='lat' dir='ltr'>vulgavit</span> <span class='ocrx_word' id='word_1_168' title='bbox 743 2282 848 2335; x_wconf 87' lang='lat' dir='ltr'>iter</span> <span class='ocrx_word' id='word_1_169' title='bbox 885 2301 984 2335; x_wconf 90' lang='grc'>1166</span> <span class='ocrx_word' id='word_1_170' title='bbox 1021 2287 1153 2336; x_wconf 89' lang='lat' dir='ltr'>nota</span> <span class='ocrx_word' id='word_1_171' title='bbox 1192 2283 1387 2336; x_wconf 78' lang='lat' dir='ltr'>fefellit</span> 
     </span>
     <span class='ocr_line' id='line_1_30' title="bbox 131 2351 1523 2423; baseline 0.004 -18"><span class='ocrx_word' id='word_1_172' title='bbox 131 2351 332 2406; x_wconf 85' lang='lat' dir='ltr'>Semita</span> <span class='ocrx_word' id='word_1_173' title='bbox 371 2360 769 2423; x_wconf 88' lang='lat' dir='ltr'>praestructum</span> <span class='ocrx_word' id='word_1_174' title='bbox 808 2357 967 2409; x_wconf 88' lang='lat' dir='ltr'>bellis</span> <span class='ocrx_word' id='word_1_175' title='bbox 1008 2357 1256 2410; x_wconf 72' lang='lat' dir='ltr'>civilibus</span> <span class='ocrx_word' id='word_1_176' title='bbox 1295 2358 1523 2411; x_wconf 78' lang='lat' dir='ltr'>hostem,</span> 
     </span>
     <span class='ocr_line' id='line_1_31' title="bbox 129 2426 1538 2500; baseline 0.004 -21"><span class='ocrx_word' id='word_1_177' title='bbox 129 2426 232 2479; x_wconf 91' lang='lat' dir='ltr'>Per</span> <span class='ocrx_word' id='word_1_178' title='bbox 274 2428 462 2481; x_wconf 86' lang='lat' dir='ltr'>solitas</span> <span class='ocrx_word' id='word_1_179' title='bbox 503 2448 693 2482; x_wconf 86' lang='lat' dir='ltr'>venere</span> <span class='ocrx_word' id='word_1_180' title='bbox 733 2430 875 2500; x_wconf 79' lang='lat' dir='ltr'>viaS‚</span> <span class='ocrx_word' id='word_1_181' title='bbox 915 2431 1199 2499; x_wconf 86' lang='lat' dir='ltr'>aditusque</span> <span class='ocrx_word' id='word_1_182' title='bbox 1239 2432 1538 2500; x_wconf 88' lang='lat' dir='ltr'>sequendos</span> 
     </span>
     <span class='ocr_line' id='line_1_32' title="bbox 130 2499 1395 2558; baseline 0.005 -6"><span class='ocrx_word' id='word_1_183' title='bbox 130 2499 421 2555; x_wconf 86' lang='lat' dir='ltr'>Barbarico</span> <span class='ocrx_word' id='word_1_184' title='bbox 461 2503 707 2556; x_wconf 85' lang='lat' dir='ltr'>Romana</span> <span class='ocrx_word' id='word_1_185' title='bbox 749 2504 892 2556; x_wconf 88' lang='lat' dir='ltr'>dedit</span> <span class='ocrx_word' id='word_1_186' title='bbox 934 2505 1198 2557; x_wconf 83' lang='lat' dir='ltr'>discordia</span> <span class='ocrx_word' id='word_1_187' title='bbox 1236 2506 1395 2558; x_wconf 79' lang='lat' dir='ltr'>bello,</span> 
     </span>
    </p>

    <p class='ocr_par' dir='ltr' id='par_1_4' title="bbox 130 2574 1704 2722">
     <span class='ocr_line' id='line_1_33' title="bbox 242 2574 1704 2650; baseline 0.003 -22"><span class='ocrx_word' id='word_1_188' title='bbox 242 2574 367 2628; x_wconf 78' lang='lat' dir='ltr'>‘Sed</span> <span class='ocrx_word' id='word_1_189' title='bbox 403 2595 501 2629; x_wconf 90' lang='lat' dir='ltr'>nec</span> <span class='ocrx_word' id='word_1_190' title='bbox 538 2577 844 2646; x_wconf 87' lang='lat' dir='ltr'>praeteritis</span> <span class='ocrx_word' id='word_1_191' title='bbox 883 2578 1015 2630; x_wconf 88' lang='lat' dir='ltr'>haec</span> <span class='ocrx_word' id='word_1_192' title='bbox 1053 2597 1137 2631; x_wconf 90' lang='lat' dir='ltr'>res</span> <span class='ocrx_word' id='word_1_193' title='bbox 1176 2579 1453 2650; x_wconf 84' lang='lat' dir='ltr'>incognita</span> <span class='ocrx_word' id='word_1_194' title='bbox 1493 2578 1704 2633; x_wconf 88' lang='lat' dir='ltr'>saeclis:</span> 
     </span>
     <span class='ocr_line' id='line_1_34' title="bbox 130 2646 1493 2722; baseline 0.004 -23"><span class='ocrx_word' id='word_1_195' title='bbox 130 2646 298 2716; x_wconf 84' lang='lat' dir='ltr'>Saepe</span> <span class='ocrx_word' id='word_1_196' title='bbox 337 2650 664 2722; x_wconf 76' lang='lat' dir='ltr'>lacessitam,</span> <span class='ocrx_word' id='word_1_197' title='bbox 705 2652 797 2704; x_wconf 89' lang='lat' dir='ltr'>sed</span> <span class='ocrx_word' id='word_1_198' title='bbox 833 2670 944 2704; x_wconf 95' lang='lat' dir='ltr'>non</span> <span class='ocrx_word' id='word_1_199' title='bbox 981 2653 1222 2722; x_wconf 78' lang='lat' dir='ltr'>impune,</span> <span class='ocrx_word' id='word_1_200' title='bbox 1261 2653 1493 2705; x_wconf 88' lang='lat' dir='ltr'>fatemur</span> 
     </span>
    </p>
   </div>
   <div class='ocr_carea' id='block_1_3' title="bbox 1748 445 1836 485">
    <p class='ocr_par' dir='ltr' id='par_1_5' title="bbox 1748 445 1836 485">
     <span class='ocr_line' id='line_1_35' title="bbox 1748 445 1836 485; baseline 0.011 -1"><span class='ocrx_word' id='word_1_201' title='bbox 1748 445 1836 485; x_wconf 86' lang='grc'>260</span> 
     </span>
    </p>
   </div>
   <div class='ocr_carea' id='block_1_4' title="bbox 1749 814 1835 856">
    <p class='ocr_par' dir='ltr' id='par_1_6' title="bbox 1749 814 1835 856">
     <span class='ocr_line' id='line_1_36' title="bbox 1749 814 1835 856; baseline 0 -1"><span class='ocrx_word' id='word_1_202' title='bbox 1749 814 1835 856; x_wconf 84' lang='grc'>265</span> 
     </span>
    </p>
   </div>
   <div class='ocr_carea' id='block_1_5' title="bbox 1749 1187 1835 1228">
    <p class='ocr_par' dir='ltr' id='par_1_7' title="bbox 1749 1187 1835 1228">
     <span class='ocr_line' id='line_1_37' title="bbox 1749 1187 1835 1228; baseline 0.012 -1"><span class='ocrx_word' id='word_1_203' title='bbox 1749 1187 1835 1228; x_wconf 81' lang='grc'>270</span> 
     </span>
    </p>
   </div>
   <div class='ocr_carea' id='block_1_6' title="bbox 1747 1558 1833 1599">
    <p class='ocr_par' dir='ltr' id='par_1_8' title="bbox 1747 1558 1833 1599">
     <span class='ocr_line' id='line_1_38' title="bbox 1747 1558 1833 1599; baseline 0.023 -2"><span class='ocrx_word' id='word_1_204' title='bbox 1747 1558 1833 1599; x_wconf 80' lang='lat'>275</span> 
     </span>
    </p>
   </div>
   <div class='ocr_carea' id='block_1_7' title="bbox 1746 1928 1832 1968">
    <p class='ocr_par' dir='ltr' id='par_1_9' title="bbox 1746 1928 1832 1968">
     <span class='ocr_line' id='line_1_39' title="bbox 1746 1928 1832 1968; baseline 0.012 -1"><span class='ocrx_word' id='word_1_205' title='bbox 1746 1928 1832 1968; x_wconf 90' lang='grc'>280</span> 
     </span>
    </p>
   </div>
   <div class='ocr_carea' id='block_1_8' title="bbox 1742 2299 1828 2340">
    <p class='ocr_par' dir='ltr' id='par_1_10' title="bbox 1742 2299 1828 2340">
     <span class='ocr_line' id='line_1_40' title="bbox 1742 2299 1828 2340; baseline 0.012 -1"><span class='ocrx_word' id='word_1_206' title='bbox 1742 2299 1828 2340; x_wconf 89' lang='grc'>285</span> 
     </span>
    </p>
   </div>
   <div class='ocr_carea' id='block_1_9' title="bbox 1741 2669 1825 2708">
    <p class='ocr_par' dir='ltr' id='par_1_11' title="bbox 1741 2669 1825 2708">
     <span class='ocr_line' id='line_1_41' title="bbox 1741 2669 1825 2708; baseline 0.012 -1"><span class='ocrx_word' id='word_1_207' title='bbox 1741 2669 1825 2708; x_wconf 87' lang='grc'>290</span> 
     </span>
    </p>
   </div>
   <div class='ocr_carea' id='block_1_10' title="bbox 126 2720 1828 2799">
    <p class='ocr_par' dir='ltr' id='par_1_12' title="bbox 126 2720 1828 2799">
     <span class='ocr_line' id='line_1_42' title="bbox 126 2720 1828 2799; baseline 0.005 -26"><span class='ocrx_word' id='word_1_208' title='bbox 126 2720 439 2776; x_wconf 91' lang='lat' dir='ltr'>Ausoniam.</span> <span class='ocrx_word' id='word_1_209' title='bbox 501 2725 649 2777; x_wconf 88' lang='lat' dir='ltr'>Haec</span> <span class='ocrx_word' id='word_1_210' title='bbox 683 2725 954 2779; x_wconf 84' lang='lat' dir='ltr'>Senonum</span> <span class='ocrx_word' id='word_1_211' title='bbox 986 2726 1237 2779; x_wconf 80' lang='lat' dir='ltr'>restinxit</span> <span class='ocrx_word' id='word_1_212' title='bbox 1269 2726 1529 2797; x_wconf 85' lang='lat' dir='ltr'>sanguine</span> <span class='ocrx_word' id='word_1_213' title='bbox 1568 2728 1828 2799; x_wconf 82' lang='lat' dir='ltr'>flammas,</span> 
     </span>
    </p>
   </div>
   <div class='ocr_carea' id='block_1_11' title="bbox 125 2794 1554 3020">
    <p class='ocr_par' dir='ltr' id='par_1_13' title="bbox 125 2794 1554 3020">
     <span class='ocr_line' id='line_1_43' title="bbox 129 2794 1536 2869; baseline 0.005 -23"><span class='ocrx_word' id='word_1_214' title='bbox 129 2794 278 2847; x_wconf 91' lang='lat' dir='ltr'>Haec</span> <span class='ocrx_word' id='word_1_215' title='bbox 319 2800 371 2848; x_wconf 92' lang='lat' dir='ltr'>et</span> <span class='ocrx_word' id='word_1_216' title='bbox 411 2797 706 2851; x_wconf 89' lang='lat' dir='ltr'>Teutonico</span> <span class='ocrx_word' id='word_1_217' title='bbox 749 2800 1017 2868; x_wconf 90' lang='lat' dir='ltr'>quondam</span> <span class='ocrx_word' id='word_1_218' title='bbox 1055 2800 1326 2869; x_wconf 86' lang='lat' dir='ltr'>patefacta</span> <span class='ocrx_word' id='word_1_219' title='bbox 1364 2802 1536 2853; x_wconf 86' lang='lat' dir='ltr'>furori</span> 
     </span>
     <span class='ocr_line' id='line_1_44' title="bbox 130 2867 1329 2942; baseline 0.005 -22"><span class='ocrx_word' id='word_1_220' title='bbox 130 2867 282 2921; x_wconf 86' lang='lat' dir='ltr'>Colla</span> <span class='ocrx_word' id='word_1_221' title='bbox 323 2872 554 2923; x_wconf 86' lang='lat' dir='ltr'>catenati</span> <span class='ocrx_word' id='word_1_222' title='bbox 593 2873 728 2925; x_wconf 86' lang='lat' dir='ltr'>vidit</span> <span class='ocrx_word' id='word_1_223' title='bbox 768 2873 1070 2942; x_wconf 88' lang='lat' dir='ltr'>squalentia</span> <span class='ocrx_word' id='word_1_224' title='bbox 1112 2873 1329 2927; x_wconf 86' lang='lat' dir='ltr'>Cimbri.</span> 
     </span>
     <span class='ocr_line' id='line_1_45' title="bbox 125 2941 1554 3020; baseline 0.006 -26"><span class='ocrx_word' id='word_1_225' title='bbox 125 2941 249 2995; x_wconf 89' lang='lat' dir='ltr'>Vile</span> <span class='ocrx_word' id='word_1_226' title='bbox 291 2943 473 3015; x_wconf 81' lang='lat' dir='ltr'>decuS‚</span> <span class='ocrx_word' id='word_1_227' title='bbox 515 2946 658 3013; x_wconf 89' lang='lat' dir='ltr'>quod</span> <span class='ocrx_word' id='word_1_228' title='bbox 695 2965 806 3000; x_wconf 96' lang='lat' dir='ltr'>non</span> <span class='ocrx_word' id='word_1_229' title='bbox 846 2947 1014 3000; x_wconf 87' lang='lat' dir='ltr'>erexit</span> <span class='ocrx_word' id='word_1_230' title='bbox 1051 2948 1302 3017; x_wconf 84' lang='lat' dir='ltr'>praevius</span> <span class='ocrx_word' id='word_1_231' title='bbox 1341 2948 1554 3020; x_wconf 82' lang='lat' dir='ltr'>horror3</span> 
     </span>
    </p>
   </div>
  </div>
 </body>
</html>
