2044 3220
201 783 633 843 CARMINVM
680 782 1060 842 MINORVM
1106 783 1210 842 ΕΤ
1259 783 1784 843 PRIVATORVM

206 886 782 946 CORPVSOVLVM
829 886 1268 946 MAIORIBVS
1316 887 1782 946 NONNVLLIS

466 989 956 1050 CARMINIBVS
1005 990 1517 1051 DISTINOTVM.

872 1164 906 1208 1.
942 1164 1107 1219 (xm.)

690 1275 781 1321 AD
825 1273 1293 1322 STJLICHONEM.

413 1373 612 1425 Solitas
653 1373 806 1443 galea
845 1373 1051 1443 fulgere
1094 1391 1294 1442 comas,

411 1446 661 1516 Stilicho⁷
700 1447 854 1498 molli
892 1451 1043 1499 necte
1086 1465 1293 1499 corona.

411 1521 631 1573 Cessent
670 1521 794 1572 litui
834 1539 1155 1588 saevumque
1194 1522 1384 1589 procul

408 1595 638 1646 Martem
676 1594 808 1646 felix
846 1595 1001 1646 taeda
1040 1595 1255 1666 releget.

408 1669 634 1720 Tractus
675 1668 740 1719 ab
783 1669 903 1720 aula
944 1687 1131 1720 rursus
1169 1669 1227 1720 in
1265 1669 1444 1721 aulam

407 1743 610 1795 Redeat
651 1743 884 1813 sanguis
947 1742 1125 1794 Patris
1168 1743 1360 1795 officiis

408 1816 577 1887 Iunge
616 1817 828 1885 potenti
866 1817 1095 1887 pignora
1137 1817 1335 1870 dextra.

408 1890 582 1943 Gener
621 1890 858 1960 Augusti
897 1891 1104 1959 pridem
1143 1892 1321 1943 fueras
1331 1936 1344 1961 7

406 1964 564 2016 Nunc
605 1983 791 2016 rursus
833 1965 935 2016 eris
978 1983 1127 2017 socer
1166 1965 1416 2036 Augusti.

409 2037 554 2100 Quae
593 2038 700 2089 iam
739 2038 914 2090 rabies
953 2039 1138 2091 livoris
1179 2039 1315 2091 erit?

406 2112 509 2164 Vel
550 2113 670 2180 quis
712 2112 926 2164 dabitur
967 2113 1114 2165 color
1152 2113 1417 2165 invidiae?

409 2185 635 2239 Stilicho
678 2205 827 2239 socer
867 2193 969 2255 est7
1009 2191 1161 2255 pater
1201 2191 1280 2239 est
1324 2186 1565 2240 Stilicho.

803 2377 858 2421 11.
898 2375 1165 2434 (LXXXV.)

399 2486 795 2536 DESCRIPTIO
836 2486 1094 2535 PORTVs
1137 2487 1571 2535 SMYRNENSIS.

139 2586 285 2638 Vrbs
324 2585 382 2637 in
421 2590 709 2655 conspectu
748 2590 1003 2639 montana
1044 2586 1318 2638 cacumina
1357 2586 1499 2638 velat

140 2659 457 2728 Tranquillo
498 2664 776 2728 praetenta
815 2661 964 2712 inari.
1027 2660 1292 2712 Ducentia
1331 2664 1550 2728 portum

142 2734 353 2786 Cornua
393 2738 611 2802 pacatas
650 2738 925 2787 removent
965 2733 1328 2802 Aquilonibus
1368 2734 1552 2787 undas,

138 2807 243 2860 Hic
281 2811 614 2860 exarmatum
652 2809 809 2861 terris
851 2808 1191 2879 cingentibus
1231 2826 1431 2876 aequor

143 2881 423 2934 Clauditur
462 2886 513 2934 et
554 2883 818 2951 placidam
859 2883 1015 2935 discit
1057 2900 1265 2934 servare
1305 2882 1554 2950 quietem.

1783 2056 1838 2095 10
