2085 3215
392 115 525 173 (XX.)
557 115 623 159 IN
657 113 1018 159 EVTROPIVM
1049 113 1230 158 LIBER
1263 112 1590 158 SECVNDVS.
1777 113 1847 166 83

151 251 288 306 Sunt
329 251 421 319 qui
460 269 554 319 per
596 249 789 302 Cilicas
829 253 989 317 rupto
1031 249 1345 302 descendere
1385 249 1585 319 Tauro7

151 325 288 379 Sunt
330 326 422 393 qui
463 324 723 392 correptis
763 323 972 375 ratibus
1013 327 1261 392 terraque
1301 324 1541 391 marique

147 400 454 452 Adventare
493 399 691 466 ferant3
730 398 1073 468 geminantur
1112 415 1236 449 vera
1271 398 1486 465 pavoris
1759 411 1848 451 470

146 474 394 545 Ingenio:
434 473 595 543 longe
636 472 865 541 spectari
904 471 1176 539 puppibus
1216 472 1377 522 urbes

147 548 441 617 AccensaS‚
480 547 656 599 lucere
696 545 896 597 fretum
935 548 1203 612 ventoque
1244 545 1436 596 citatas

148 622 411 676 Omnibus
449 622 508 673 in
545 621 738 690 pelago
778 619 912 671 velis
951 619 1169 670 haerere
1209 619 1436 670 favillas,

258 695 376 748 Hos
415 696 556 748 inter
597 694 854 762 strepitus
895 693 1161 744 funestior
1201 693 1417 744 advolat
1458 691 1593 744 alter

145 770 408 823 Nuntius:
449 772 710 821 armatam
749 786 936 819 rursus
972 767 1254 835 Babylona
1294 766 1487 818 minari
1759 781 1846 820 475

146 845 293 915 Rege
331 862 496 912 novo3
535 842 734 895 resides
774 841 1007 893 Parthos
1046 842 1242 912 ignava
1281 858 1503 909 perosos

147 918 271 971 Otia
310 918 584 970 Romanae
622 917 785 968 finem
823 916 931 967 iam
972 933 1224 984 quaerere
1264 915 1396 983 paci.

144 993 320 1045 Rarus
361 992 502 1060 apud
540 990 727 1043 Medos
767 1008 957 1060 regiun
997 1008 1179 1057 cruor;
1219 1007 1432 1057 unaque
1473 991 1665 1040 cuncto

143 1067 324 1119 Poena
363 1069 543 1118 manet
583 1065 787 1136 generi:
831 1064 1074 1132 quamvis
1116 1063 1421 1116 crudelibus
1463 1080 1628 1130 aeque

143 1141 372 1193 Paretur
411 1140 655 1192 dominis,
735 1138 838 1191 Sed
879 1138 1007 1207 quid
1045 1156 1156 1190 non
1196 1137 1387 1189 audeat
1428 1155 1600 1188 annus
1759 1150 1846 1190 480

143 1214 435 1283 Eutropii?
475 1214 680 1266 socium
717 1213 876 1265 nobis
917 1213 1189 1279 fidumque
1232 1211 1489 1279 Saporem

142 1289 381 1341 Perculit
422 1292 474 1340 et
512 1288 706 1340 Persas
744 1288 803 1339 in
841 1287 987 1357 regia
1027 1286 1249 1337 vulnera
1288 1285 1458 1337 movit

144 1364 527 1432 Rupturasque
567 1362 749 1431 fidem,
789 1362 898 1413 leto
939 1379 1064 1428 pars
1103 1378 1170 1411 ne
1213 1378 1317 1427 qua
1356 1362 1591 1427 vacaret,

143 1437 504 1490 Eumenidum
543 1435 727 1487 taedas
766 1439 916 1487 trans
957 1434 1179 1486 flumina
1220 1433 1454 1504 Tigridis
1496 1432 1620 1502 egit.

256 1511 393 1563 Tum
432 1528 557 1562 vero
600 1509 832 1561 cecidere
873 1508 1037 1560 animi
1076 1508 1351 1575 tantisque
1390 1505 1642 1575 procellis
1758 1519 1844 1560 485

144 1586 430 1638 Deficiunt.
510 1583 692 1652 Saepti
733 1583 1061 1635 latrantibus
1101 1581 1337 1650 undique
1377 1581 1536 1632 bellis

142 1659 390 1712 Infensos
430 1658 647 1710 tandem
688 1675 910 1725 superos
952 1660 1005 1708 et
1046 1656 1282 1707 consulis
1325 1673 1481 1707 omen

144 1734 429 1805 Agnovere
470 1733 575 1801 sui,
613 1750 711 1784 nec
750 1732 858 1783 iam
898 1730 1200 1782 revocabile
1241 1730 1494 1781 damnum

143 1809 359 1860 Eventu
399 1806 597 1859 stolido
640 1824 817 1857 serum
858 1805 1086 1856 didicere
1124 1804 1400 1874 magistro

142 1881 389 1949 Namque
428 1881 610 1932 ferunt
650 1880 892 1950 geminos
932 1897 1039 1930 uno
1082 1878 1144 1930 de
1185 1878 1385 1930 semine
1425 1876 1620 1928 fratres
1757 1889 1844 1929 490

144 1955 507 2023 Iapetionidas
546 1954 757 2023 generis
797 1953 1090 2021 primordia
1128 1952 1304 2004 nostri

144 2028 411 2081 Dissimili
451 2028 670 2079 finxisse
710 2044 893 2078 manu:
936 2044 1302 2093 quoscumque
1341 2024 1695 2076 Prometheus

144 2102 400 2155 Excoluit
439 2101 776 2168 multumque
815 2099 1060 2151 innexuit
1101 2099 1316 2151 aethera
1356 2099 1508 2167 limo,

144 2177 217 2228 Hi
257 2177 417 2246 longe
456 2179 681 2227 ventura
719 2176 912 2226 notant
954 2173 1236 2240 dubiisque
1274 2172 1449 2240 parati

147 2250 374 2303 Casibus
415 2252 703 2301 occurrunt
743 2248 897 2299 fabro
938 2247 1157 2298 meliore
1197 2246 1368 2314 politi.
1756 2258 1842 2298 495

143 2324 421 2377 Deteriore
461 2323 577 2375 luto
617 2341 815 2391 pravus
858 2339 992 2389 quos
1034 2320 1198 2372 edidit
1239 2322 1448 2388 auctor,

145 2398 313 2461 Quem
351 2398 544 2450 merito
587 2395 715 2449 Grai
754 2395 1040 2465 perhibent
1079 2393 1400 2462 Epimethea
1440 2396 1612 2462 vates,

145 2473 219 2525 Et
257 2472 395 2525 nihil
435 2471 658 2524 aetherii
700 2470 897 2539 sparsit
936 2487 1031 2538 per
1069 2468 1308 2520 membra
1348 2467 1573 2537 vigoris,

144 2547 218 2599 Hi
257 2546 520 2615 pecudum
559 2546 669 2597 ritu
706 2563 818 2597 non
855 2542 1217 2612 impendentia
1257 2542 1433 2592 vitant

143 2621 258 2673 Nec
297 2639 382 2672 res
423 2623 545 2672 ante
584 2619 790 2688 vident⁷
831 2622 1047 2686 accepta
1088 2616 1233 2668 clade
1276 2617 1574 2683 queruntur
1755 2628 1841 2667 500

143 2695 218 2747 Et
259 2695 362 2746 seri
401 2697 673 2746 transacta
714 2695 949 2764 gemunt.

1034 2764 1147 2816 Iam
1189 2763 1303 2815 sola
1342 2761 1547 2815 renidet

263 2933 349 2973 489
384 2927 555 2986 serum]
591 2928 806 2984 Birtius;
836 2939 1002 2971 rerum.

1422 2996 1482 3041 6*
