<?xml version="1.0" encoding="UTF-8"?>
<!DOCTYPE html PUBLIC "-//W3C//DTD XHTML 1.0 Transitional//EN"
    "http://www.w3.org/TR/xhtml1/DTD/xhtml1-transitional.dtd">
<html xmlns="http://www.w3.org/1999/xhtml" xml:lang="en" lang="en">
 <head>
  <title>
</title>
<meta http-equiv="Content-Type" content="text/html;charset=utf-8" />
  <meta name='ocr-system' content='tesseract 3.04.00' />
  <meta name='ocr-capabilities' content='ocr_page ocr_carea ocr_par ocr_line ocrx_word'/>
</head>
<body>
  <div class='ocr_page' id='page_1' title='image "./carmina00clauuoft_0379.png"; bbox 0 0 2044 3220; ppageno 0'>
   <div class='ocr_carea' id='block_1_1' title="bbox 517 685 1262 745">
    <p class='ocr_par' dir='ltr' id='par_1_1' title="bbox 517 685 1262 745">
     <span class='ocr_line' id='line_1_1' title="bbox 517 685 1262 745; baseline -0.001 0"><span class='ocrx_word' id='word_1_1' title='bbox 517 685 823 745; x_wconf 80' lang='lat' dir='ltr'><strong>CARMIN</strong></span> <span class='ocrx_word' id='word_1_2' title='bbox 828 686 880 743; x_wconf 85' lang='lat' dir='ltr'><strong>A</strong></span> <span class='ocrx_word' id='word_1_3' title='bbox 930 685 1262 745; x_wconf 71' lang='lat' dir='ltr'><strong>GRAECA.</strong></span> 
     </span>
    </p>
   </div>
   <div class='ocr_carea' id='block_1_2' title="bbox 666 833 1109 1000">
    <p class='ocr_par' dir='ltr' id='par_1_2' title="bbox 666 833 1109 1000">
     <span class='ocr_line' id='line_1_2' title="bbox 666 833 1109 899; baseline 0 -17"><span class='ocrx_word' id='word_1_4' title='bbox 666 833 1109 899; x_wconf 81' lang='grc' dir='ltr'><em>Γιγαντομαχιά.</em></span> 
     </span>
     <span class='ocr_line' id='line_1_3' title="bbox 812 953 958 1000; baseline 0.007 -1"><span class='ocrx_word' id='word_1_5' title='bbox 812 953 892 1000; x_wconf 77' lang='lat' dir='ltr'><em>Fr.</em></span> <span class='ocrx_word' id='word_1_6' title='bbox 925 953 958 1000; x_wconf 90' lang='lat' dir='ltr'><em>I.</em></span> 
     </span>
    </p>
   </div>
   <div class='ocr_carea' id='block_1_3' title="bbox 35 1050 1731 2303">
    <p class='ocr_par' dir='ltr' id='par_1_3' title="bbox 35 1050 1731 2303">
     <span class='ocr_line' id='line_1_4' title="bbox 154 1050 1550 1120; baseline 0 -16"><span class='ocrx_word' id='word_1_7' title='bbox 154 1056 232 1104; x_wconf 81' lang='grc' dir='ltr'><em>Εἴ</em></span> <span class='ocrx_word' id='word_1_8' title='bbox 263 1070 392 1104; x_wconf 89' lang='grc' dir='ltr'><em>ποτε</em></span> <span class='ocrx_word' id='word_1_9' title='bbox 432 1071 524 1120; x_wconf 88' lang='grc' dir='ltr'><em>μοι</em></span> <span class='ocrx_word' id='word_1_10' title='bbox 563 1060 848 1103; x_wconf 85' lang='grc' dir='ltr'><em>κυανῶπιν</em></span> <span class='ocrx_word' id='word_1_11' title='bbox 889 1050 1218 1104; x_wconf 85' lang='grc' dir='ltr'><em>ἐπιπλώοντι</em></span> <span class='ocrx_word' id='word_1_12' title='bbox 1258 1052 1550 1105; x_wconf 78' lang='grc' dir='ltr'><em>θάλασσαν</em></span> 
     </span>
     <span class='ocr_line' id='line_1_5' title="bbox 38 1124 1540 1195; baseline 0.001 -17"><span class='ocrx_word' id='word_1_13' title='bbox 38 1124 131 1179; x_wconf 86' lang='grc' dir='ltr'><em>καὶ</em></span> <span class='ocrx_word' id='word_1_14' title='bbox 173 1124 336 1195; x_wconf 82' lang='grc' dir='ltr'><em>φρεσὶ</em></span> <span class='ocrx_word' id='word_1_15' title='bbox 375 1126 725 1194; x_wconf 86' lang='grc' dir='ltr'><em>θαμβήσαντι</em></span> <span class='ocrx_word' id='word_1_16' title='bbox 764 1125 1051 1193; x_wconf 78' lang='grc' dir='ltr'><strong><em>κυκώμενα</em></strong></span> <span class='ocrx_word' id='word_1_17' title='bbox 1090 1124 1294 1193; x_wconf 85' lang='grc' dir='ltr'><em>βένθεα</em></span> <span class='ocrx_word' id='word_1_18' title='bbox 1333 1129 1540 1179; x_wconf 81' lang='grc' dir='ltr'><strong><em>πόντου</em></strong></span> 
     </span>
     <span class='ocr_line' id='line_1_6' title="bbox 38 1197 1344 1268; baseline -0.001 -16"><span class='ocrx_word' id='word_1_19' title='bbox 38 1198 307 1263; x_wconf 79' lang='grc' dir='ltr'><em>εὔξασθαι</em></span> <span class='ocrx_word' id='word_1_20' title='bbox 346 1199 680 1268; x_wconf 77' lang='grc' dir='ltr'><em>μακάρεσσιν</em></span> <span class='ocrx_word' id='word_1_21' title='bbox 721 1197 993 1266; x_wconf 88' lang='grc' dir='ltr'><em>ε’σήλυθεν</em></span> <span class='ocrx_word' id='word_1_22' title='bbox 1033 1201 1344 1267; x_wconf 84' lang='grc' dir='ltr'><em>είναλίοισι,</em></span> 
     </span>
     <span class='ocr_line' id='line_1_7' title="bbox 40 1270 1481 1342; baseline -0.001 -16"><span class='ocrx_word' id='word_1_23' title='bbox 40 1282 232 1342; x_wconf 79' lang='grc' dir='ltr'><em>φωνῆς</em></span> <span class='ocrx_word' id='word_1_24' title='bbox 271 1270 332 1326; x_wconf 76' lang='grc' dir='ltr'><em>δὲ</em></span> <span class='ocrx_word' id='word_1_25' title='bbox 370 1271 644 1341; x_wconf 89' lang='grc' dir='ltr'><em>πταμένης</em></span> <span class='ocrx_word' id='word_1_26' title='bbox 685 1270 1049 1342; x_wconf 72' lang='grc' dir='ltr'><em>ἀνεμοτρεφὲς</em></span> <span class='ocrx_word' id='word_1_27' title='bbox 1088 1276 1272 1341; x_wconf 82' lang='grc' dir='ltr'><em>ἔσβετο</em></span> <span class='ocrx_word' id='word_1_28' title='bbox 1313 1281 1481 1342; x_wconf 85' lang='grc' dir='ltr'><em>κῦμα,</em></span> 
     </span>
     <span class='ocr_line' id='line_1_8' title="bbox 41 1344 1731 1416; baseline 0.001 -16"><span class='ocrx_word' id='word_1_29' title='bbox 41 1349 300 1416; x_wconf 87' lang='grc' dir='ltr'><em>λώφησεν</em></span> <span class='ocrx_word' id='word_1_30' title='bbox 342 1345 393 1399; x_wconf 78' lang='grc' dir='ltr'><em>δ’</em></span> <span class='ocrx_word' id='word_1_31' title='bbox 431 1345 652 1414; x_wconf 76' lang='grc' dir='ltr'><em>ἀνέμοιο</em></span> <span class='ocrx_word' id='word_1_32' title='bbox 693 1348 824 1414; x_wconf 87' lang='grc' dir='ltr'><em>βοή,</em></span> <span class='ocrx_word' id='word_1_33' title='bbox 866 1348 1075 1414; x_wconf 78' lang='grc' dir='ltr'><em>γήθησε</em></span> <span class='ocrx_word' id='word_1_34' title='bbox 1116 1344 1176 1399; x_wconf 75' lang='grc' dir='ltr'><em>δὲ</em></span> <span class='ocrx_word' id='word_1_35' title='bbox 1216 1348 1419 1414; x_wconf 88' lang='grc' dir='ltr'><em>ναύτης</em></span> <span class='ocrx_word' id='word_1_36' title='bbox 1705 1362 1731 1402; x_wconf 90' lang='lat'>5</span> 
     </span>
     <span class='ocr_line' id='line_1_9' title="bbox 39 1420 1449 1490; baseline -0.001 -16"><span class='ocrx_word' id='word_1_37' title='bbox 39 1422 339 1490; x_wconf 80' lang='grc' dir='ltr'><em>ὀσσόμενος</em></span> <span class='ocrx_word' id='word_1_38' title='bbox 378 1421 634 1489; x_wconf 76' lang='grc' dir='ltr'><em>μεγάλοιο</em></span> <span class='ocrx_word' id='word_1_39' title='bbox 674 1425 812 1472; x_wconf 89' lang='grc' dir='ltr'><em>θεοῦ</em></span> <span class='ocrx_word' id='word_1_40' title='bbox 852 1428 1167 1489; x_wconf 90' lang='grc' dir='ltr'><em>παρεοῦσαν</em></span> <span class='ocrx_word' id='word_1_41' title='bbox 1207 1420 1449 1490; x_wconf 78' lang='grc' dir='ltr'><em>ἀρωγήν·</em></span> 
     </span>
     <span class='ocr_line' id='line_1_10' title="bbox 40 1492 1618 1566; baseline 0 -19"><span class='ocrx_word' id='word_1_42' title='bbox 40 1495 115 1557; x_wconf 84' lang='grc' dir='ltr'><em>ὣς</em></span> <span class='ocrx_word' id='word_1_43' title='bbox 153 1494 244 1547; x_wconf 87' lang='grc' dir='ltr'><em>καὶ</em></span> <span class='ocrx_word' id='word_1_44' title='bbox 282 1502 389 1547; x_wconf 89' lang='grc' dir='ltr'><em>νῦν</em></span> <span class='ocrx_word' id='word_1_45' title='bbox 430 1496 497 1562; x_wconf 81' lang='grc' dir='ltr'><em>δὴ</em></span> <span class='ocrx_word' id='word_1_46' title='bbox 543 1497 712 1561; x_wconf 80' lang='grc' dir='ltr'><em>Φοῖβε</em></span> <span class='ocrx_word' id='word_1_47' title='bbox 752 1492 845 1564; x_wconf 82' lang='grc' dir='ltr'><em>(σὺ</em></span> <span class='ocrx_word' id='word_1_48' title='bbox 885 1495 989 1564; x_wconf 75' lang='grc' dir='ltr'><em>γὰρ</em></span> <span class='ocrx_word' id='word_1_49' title='bbox 1030 1495 1161 1556; x_wconf 90' lang='grc' dir='ltr'><em>θεὸς</em></span> <span class='ocrx_word' id='word_1_50' title='bbox 1201 1497 1362 1547; x_wconf 83' lang='grc' dir='ltr'><em>ἔπλευ</em></span> <span class='ocrx_word' id='word_1_51' title='bbox 1405 1494 1618 1566; x_wconf 78' lang='grc' dir='ltr'><em>ἀοιδῆς)</em></span> 
     </span>
     <span class='ocr_line' id='line_1_11' title="bbox 39 1567 1248 1637; baseline -0.002 -15"><span class='ocrx_word' id='word_1_52' title='bbox 39 1568 263 1637; x_wconf 78' lang='grc' dir='ltr'><em>εὔξομαι</em></span> <span class='ocrx_word' id='word_1_53' title='bbox 303 1568 575 1635; x_wconf 80' lang='grc' dir='ltr'><em>αὐδήεντα</em></span> <span class='ocrx_word' id='word_1_54' title='bbox 614 1567 925 1620; x_wconf 75' lang='grc' dir='ltr'><em>κατάπλοον</em></span> <span class='ocrx_word' id='word_1_55' title='bbox 965 1568 1248 1620; x_wconf 77' lang='grc' dir='ltr'><em>εὐεπιάων.</em></span> 
     </span>
     <span class='ocr_line' id='line_1_12' title="bbox 39 1640 1529 1710; baseline -0.001 -14"><span class='ocrx_word' id='word_1_56' title='bbox 39 1644 196 1696; x_wconf 78' lang='grc' dir='ltr'><em>ἵλαθι</em></span> <span class='ocrx_word' id='word_1_57' title='bbox 236 1645 332 1695; x_wconf 89' lang='grc' dir='ltr'><em>καί</em></span> <span class='ocrx_word' id='word_1_58' title='bbox 367 1661 468 1710; x_wconf 87' lang='grc' dir='ltr'><em>μευ</em></span> <span class='ocrx_word' id='word_1_59' title='bbox 509 1642 773 1709; x_wconf 74' lang='grc' dir='ltr'><em>ἄκουσον,</em></span> <span class='ocrx_word' id='word_1_60' title='bbox 815 1640 930 1694; x_wconf 81' lang='grc' dir='ltr'><em>ἐπεὶ</em></span> <span class='ocrx_word' id='word_1_61' title='bbox 970 1640 1136 1694; x_wconf 83' lang='grc' dir='ltr'><em>σέθεν</em></span> <span class='ocrx_word' id='word_1_62' title='bbox 1176 1642 1365 1710; x_wconf 89' lang='grc' dir='ltr'><em>εὐμενε</em></span> <span class='ocrx_word' id='word_1_63' title='bbox 1344 1641 1529 1705; x_wconf 78' lang='grc' dir='ltr'><em>έοντος</em></span> 
     </span>
     <span class='ocr_line' id='line_1_13' title="bbox 36 1714 1731 1787; baseline 0 -17"><span class='ocrx_word' id='word_1_64' title='bbox 36 1718 383 1787; x_wconf 75' lang='grc' dir='ltr'><em>παυρότερον</em></span> <span class='ocrx_word' id='word_1_65' title='bbox 424 1714 545 1777; x_wconf 82' lang='grc' dir='ltr'><em>δέος</em></span> <span class='ocrx_word' id='word_1_66' title='bbox 585 1714 733 1767; x_wconf 82' lang='grc' dir='ltr'><em>ἐστὶν</em></span> <span class='ocrx_word' id='word_1_67' title='bbox 775 1714 855 1767; x_wconf 85' lang='grc' dir='ltr'><em>ἐπ’</em></span> <span class='ocrx_word' id='word_1_68' title='bbox 895 1715 1072 1768; x_wconf 81' lang='grc' dir='ltr'><em>ἐλπίσι</em></span> <span class='ocrx_word' id='word_1_69' title='bbox 1113 1715 1453 1785; x_wconf 78' lang='grc' dir='ltr'><em>λωιτέρῃσιν.</em></span> <span class='ocrx_word' id='word_1_70' title='bbox 1677 1731 1731 1770; x_wconf 87' lang='grc'><em>10</em></span> 
     </span>
     <span class='ocr_line' id='line_1_14' title="bbox 39 1788 1434 1860; baseline -0.001 -17"><span class='ocrx_word' id='word_1_71' title='bbox 39 1791 114 1853; x_wconf 83' lang='grc' dir='ltr'><em>ὣς</em></span> <span class='ocrx_word' id='word_1_72' title='bbox 151 1791 255 1860; x_wconf 75' lang='grc' dir='ltr'><em>γὰρ</em></span> <span class='ocrx_word' id='word_1_73' title='bbox 298 1791 366 1858; x_wconf 83' lang='grc' dir='ltr'><em>δὴ</em></span> <span class='ocrx_word' id='word_1_74' title='bbox 406 1788 640 1856; x_wconf 73' lang='grc' dir='ltr'><em>πέλαγος</em></span> <span class='ocrx_word' id='word_1_75' title='bbox 678 1809 777 1858; x_wconf 89' lang='grc' dir='ltr'><em>μεν</em></span> <span class='ocrx_word' id='word_1_76' title='bbox 812 1788 1190 1859; x_wconf 80' lang='grc' dir='ltr'><em>Ἀλεξανδροιο</em></span> <span class='ocrx_word' id='word_1_77' title='bbox 1230 1792 1434 1857; x_wconf 82' lang='grc' dir='ltr'><em>πόληος</em></span> 
     </span>
     <span class='ocr_line' id='line_1_15' title="bbox 35 1860 1515 1932; baseline -0.001 -15"><span class='ocrx_word' id='word_1_78' title='bbox 35 1865 320 1917; x_wconf 89' lang='grc' dir='ltr'><em>παντοθεν</em></span> <span class='ocrx_word' id='word_1_79' title='bbox 361 1862 657 1930; x_wconf 75' lang='grc' dir='ltr'><em>ἐκτέταται,</em></span> <span class='ocrx_word' id='word_1_80' title='bbox 697 1864 762 1914; x_wconf 82' lang='grc' dir='ltr'><em>τὰ</em></span> <span class='ocrx_word' id='word_1_81' title='bbox 804 1860 864 1915; x_wconf 79' lang='grc' dir='ltr'><em>δε</em></span> <span class='ocrx_word' id='word_1_82' title='bbox 902 1866 1072 1932; x_wconf 88' lang='grc' dir='ltr'><em>μυριά</em></span> <span class='ocrx_word' id='word_1_83' title='bbox 1112 1864 1325 1931; x_wconf 86' lang='grc' dir='ltr'><em>κύματα</em></span> <span class='ocrx_word' id='word_1_84' title='bbox 1365 1868 1515 1916; x_wconf 83' lang='grc' dir='ltr'><em>λαῶν</em></span> 
     </span>
     <span class='ocr_line' id='line_1_16' title="bbox 37 1935 1517 2008; baseline -0.001 -16"><span class='ocrx_word' id='word_1_85' title='bbox 37 1936 228 2008; x_wconf 77' lang='grc' dir='ltr'><em>ὄρνυτ’</em></span> <span class='ocrx_word' id='word_1_86' title='bbox 266 1936 346 1990; x_wconf 83' lang='grc' dir='ltr'><em>ἐπ’</em></span> <span class='ocrx_word' id='word_1_87' title='bbox 387 1936 729 2003; x_wconf 78' lang='grc' dir='ltr'><em>ἀλλήλοισιν,</em></span> <span class='ocrx_word' id='word_1_88' title='bbox 770 1935 873 2003; x_wconf 79' lang='grc' dir='ltr'><em>ἐγὼ</em></span> <span class='ocrx_word' id='word_1_89' title='bbox 915 1936 978 1989; x_wconf 79' lang='grc' dir='ltr'><em>δέ</em></span> <span class='ocrx_word' id='word_1_90' title='bbox 1013 1956 1070 1989; x_wconf 90' lang='grc' dir='ltr'><em>τε</em></span> <span class='ocrx_word' id='word_1_91' title='bbox 1111 1937 1292 1999; x_wconf 81' lang='grc' dir='ltr'><em>δεινὸς</em></span> <span class='ocrx_word' id='word_1_92' title='bbox 1331 1937 1517 2001; x_wconf 79' lang='grc' dir='ltr'><em>ἀοιδὸς</em></span> 
     </span>
     <span class='ocr_line' id='line_1_17' title="bbox 37 2008 1388 2082; baseline -0.001 -17"><span class='ocrx_word' id='word_1_93' title='bbox 37 2014 385 2082; x_wconf 91' lang='grc' dir='ltr'><em>μουσοπόλος</em></span> <span class='ocrx_word' id='word_1_94' title='bbox 424 2011 628 2077; x_wconf 85' lang='grc' dir='ltr'><em>ναύτης</em></span> <span class='ocrx_word' id='word_1_95' title='bbox 660 2008 970 2062; x_wconf 81' lang='grc' dir='ltr'><em>Ἑλικωνίδι</em></span> <span class='ocrx_word' id='word_1_96' title='bbox 1010 2009 1103 2078; x_wconf 82' lang='grc' dir='ltr'><em>νηὶ</em></span> <span class='ocrx_word' id='word_1_97' title='bbox 1145 2012 1388 2078; x_wconf 84' lang='grc' dir='ltr'><em>πιθήσας</em></span> 
     </span>
     <span class='ocr_line' id='line_1_18' title="bbox 39 2082 1729 2155; baseline 0 -16"><span class='ocrx_word' id='word_1_98' title='bbox 39 2087 222 2139; x_wconf 84' lang='grc' dir='ltr'><em>ἰθύνω</em></span> <span class='ocrx_word' id='word_1_99' title='bbox 263 2087 399 2155; x_wconf 91' lang='grc' dir='ltr'><em>πρὸς</em></span> <span class='ocrx_word' id='word_1_100' title='bbox 439 2085 636 2151; x_wconf 75' lang='grc' dir='ltr'><em>ἄεθλα,</em></span> <span class='ocrx_word' id='word_1_101' title='bbox 678 2082 828 2152; x_wconf 90' lang='grc' dir='ltr'><em>φέρω</em></span> <span class='ocrx_word' id='word_1_102' title='bbox 870 2083 921 2136; x_wconf 82' lang='grc' dir='ltr'><em>δ’</em></span> <span class='ocrx_word' id='word_1_103' title='bbox 959 2087 1046 2137; x_wconf 83' lang='grc' dir='ltr'><em>ἔπι</em></span> <span class='ocrx_word' id='word_1_104' title='bbox 1086 2086 1297 2153; x_wconf 83' lang='grc' dir='ltr'><em>φόρτον</em></span> <span class='ocrx_word' id='word_1_105' title='bbox 1338 2084 1549 2153; x_wconf 80' lang='grc' dir='ltr'><em>ἀοιδήν.</em></span> <span class='ocrx_word' id='word_1_106' title='bbox 1675 2099 1729 2139; x_wconf 88' lang='lat'><em>15</em></span> 
     </span>
     <span class='ocr_line' id='line_1_19' title="bbox 38 2156 1417 2227; baseline -0.001 -14"><span class='ocrx_word' id='word_1_107' title='bbox 38 2162 92 2214; x_wconf 83' lang='grc' dir='ltr'><em>εἰ·</em></span> <span class='ocrx_word' id='word_1_108' title='bbox 128 2158 188 2212; x_wconf 79' lang='grc' dir='ltr'><em>δὲ</em></span> <span class='ocrx_word' id='word_1_109' title='bbox 227 2165 378 2212; x_wconf 86' lang='grc' dir='ltr'><em>θεῶν</em></span> <span class='ocrx_word' id='word_1_110' title='bbox 417 2161 686 2227; x_wconf 74' lang='grc' dir='ltr'><em>βουλῇσιν</em></span> <span class='ocrx_word' id='word_1_111' title='bbox 724 2156 825 2225; x_wconf 81' lang='grc' dir='ltr'><em>ὑφ’</em></span> <span class='ocrx_word' id='word_1_112' title='bbox 860 2158 1067 2226; x_wconf 87' lang='grc' dir='ltr'><em>ὑμείων</em></span> <span class='ocrx_word' id='word_1_113' title='bbox 1107 2157 1417 2211; x_wconf 85' lang='grc' dir='ltr'><em>ἐθελόντων</em></span> 
     </span>
     <span class='ocr_line' id='line_1_20' title="bbox 38 2230 1305 2303; baseline -0.002 -16"><span class='ocrx_word' id='word_1_114' title='bbox 38 2233 320 2303; x_wconf 82' lang='grc' dir='ltr'><em>ἡμετέροις</em></span> <span class='ocrx_word' id='word_1_115' title='bbox 358 2233 617 2301; x_wconf 79' lang='grc' dir='ltr'><em>ὕμνοισιν</em></span> <span class='ocrx_word' id='word_1_116' title='bbox 658 2230 1040 2284; x_wconf 83' lang='grc' dir='ltr'><em>ἐπιπνεύσειαν</em></span> <span class='ocrx_word' id='word_1_117' title='bbox 1079 2234 1305 2284; x_wconf 82' lang='grc' dir='ltr'><em>ἔπαινον</em></span> 
     </span>
    </p>
   </div>
   <div class='ocr_carea' id='block_1_4' title="bbox 798 2383 971 2431">
    <p class='ocr_par' dir='ltr' id='par_1_4' title="bbox 798 2383 971 2431">
     <span class='ocr_line' id='line_1_21' title="bbox 798 2383 971 2431; baseline 0 -1"><span class='ocrx_word' id='word_1_118' title='bbox 798 2383 971 2431; x_wconf 78' lang='lat' dir='ltr'>F1.11.</span> 
     </span>
    </p>
   </div>
   <div class='ocr_carea' id='block_1_5' title="bbox 38 2480 1730 2698">
    <p class='ocr_par' dir='ltr' id='par_1_5' title="bbox 38 2480 1730 2694">
     <span class='ocr_line' id='line_1_22' title="bbox 38 2480 1538 2573; baseline -0.001 -36"><span class='ocrx_word' id='word_1_119' title='bbox 38 2484 210 2554; x_wconf 88' lang='grc' dir='ltr'><em>εὐρὺν</em></span> <span class='ocrx_word' id='word_1_120' title='bbox 251 2482 304 2545; x_wconf 84' lang='grc' dir='ltr'><em>ἐς</em></span> <span class='ocrx_word' id='word_1_121' title='bbox 343 2481 560 2560; x_wconf 86' lang='grc' dir='ltr'><em>αἰθέρα</em></span> <span class='ocrx_word' id='word_1_122' title='bbox 583 2482 755 2551; x_wconf 87' lang='grc' dir='ltr'><em>πέμπε</em></span> <span class='ocrx_word' id='word_1_123' title='bbox 794 2482 1100 2573; x_wconf 78' lang='grc' dir='ltr'><em>θεημαχον,</em></span> <span class='ocrx_word' id='word_1_124' title='bbox 1140 2481 1172 2549; x_wconf 85' lang='grc' dir='ltr'><em>ἡ</em></span> <span class='ocrx_word' id='word_1_125' title='bbox 1214 2480 1273 2534; x_wconf 77' lang='grc' dir='ltr'><em>δε</em></span> <span class='ocrx_word' id='word_1_126' title='bbox 1314 2483 1538 2552; x_wconf 81' lang='grc' dir='ltr'><em>ριφεῖσα</em></span> 
     </span>
     <span class='ocr_line' id='line_1_23' title="bbox 38 2552 1371 2628; baseline -0.002 -18"><span class='ocrx_word' id='word_1_127' title='bbox 38 2556 212 2628; x_wconf 87' lang='grc' dir='ltr'><em>τέφρη</em></span> <span class='ocrx_word' id='word_1_128' title='bbox 252 2559 460 2624; x_wconf 77' lang='grc' dir='ltr'><em>γίνεται</em></span> <span class='ocrx_word' id='word_1_129' title='bbox 500 2552 636 2620; x_wconf 82' lang='grc' dir='ltr'><em>αἶψα</em></span> <span class='ocrx_word' id='word_1_130' title='bbox 675 2557 1062 2623; x_wconf 89' lang='grc' dir='ltr'><em>συναντήσασα</em></span> <span class='ocrx_word' id='word_1_131' title='bbox 1100 2565 1371 2627; x_wconf 76' lang='grc' dir='ltr'><em>κεραυνῷ·</em></span> 
     </span>
     <span class='ocr_line' id='line_1_24' title="bbox 38 2628 1730 2698; baseline 0.001 -14"><span class='ocrx_word' id='word_1_132' title='bbox 38 2633 204 2694; x_wconf 78' lang='grc' dir='ltr'><em>ἄλλος</em></span> <span class='ocrx_word' id='word_1_133' title='bbox 244 2629 295 2682; x_wconf 81' lang='grc' dir='ltr'><em>δ’</em></span> <span class='ocrx_word' id='word_1_134' title='bbox 327 2628 564 2683; x_wconf 90' lang='grc' dir='ltr'><em>Ἠελίοιο</em></span> <span class='ocrx_word' id='word_1_135' title='bbox 603 2633 896 2682; x_wconf 83' lang='grc' dir='ltr'><em>καταντίον</em></span> <span class='ocrx_word' id='word_1_136' title='bbox 935 2628 1129 2698; x_wconf 85' lang='grc' dir='ltr'><em>ι”,στατ</em></span> <span class='ocrx_word' id='word_1_137' title='bbox 1171 2629 1410 2683; x_wconf 82' lang='grc' dir='ltr'><em>ἀπειλῶν</em></span> <span class='ocrx_word' id='word_1_138' title='bbox 1672 2645 1730 2686; x_wconf 82' lang='lat'><em>20</em></span> 
     </span>
    </p>
   </div>
   <div class='ocr_carea' id='block_1_6' title="bbox 38 2775 1727 3010">
    <p class='ocr_par' dir='ltr' id='par_1_6' title="bbox 38 2775 1727 3010">
     <span class='ocr_line' id='line_1_25' title="bbox 160 2775 1727 2833; baseline 0 -13"><span class='ocrx_word' id='word_1_139' title='bbox 160 2782 185 2820; x_wconf 89' lang='lat'>5</span> <span class='ocrx_word' id='word_1_140' title='bbox 217 2775 451 2833; x_wconf 82' lang='grc' dir='ltr'><em>λώφησεν]</em></span> <span class='ocrx_word' id='word_1_141' title='bbox 484 2775 678 2831; x_wconf 62' lang='grc' dir='ltr'><em>Ξώφησε.</em></span> <span class='ocrx_word' id='word_1_142' title='bbox 805 2781 827 2818; x_wconf 85' lang='grc'>7</span> <span class='ocrx_word' id='word_1_143' title='bbox 863 2775 919 2830; x_wconf 82' lang='grc' dir='ltr'><em>δὴ</em></span> <span class='ocrx_word' id='word_1_144' title='bbox 957 2775 1116 2833; x_wconf 87' lang='grc' dir='ltr'><em>Φοῖβε]</em></span> <span class='ocrx_word' id='word_1_145' title='bbox 1152 2776 1362 2831; x_wconf 70' lang='lat' dir='ltr'><em>Bzrtius‚·</em></span> <span class='ocrx_word' id='word_1_146' title='bbox 1394 2775 1453 2831; x_wconf 82' lang='grc' dir='ltr'><em>δή</em></span> <span class='ocrx_word' id='word_1_147' title='bbox 1487 2791 1553 2833; x_wconf 91' lang='grc' dir='ltr'><em>με.</em></span> <span class='ocrx_word' id='word_1_148' title='bbox 1671 2777 1727 2820; x_wconf 86' lang='grc' dir='ltr'><em>σὺ</em></span> 
     </span>
     <span class='ocr_line' id='line_1_26' title="bbox 38 2833 1727 2907; baseline -0.001 -27"><span class='ocrx_word' id='word_1_149' title='bbox 38 2835 148 2894; x_wconf 72' lang='grc' dir='ltr'><em>γὰρ]</em></span> <span class='ocrx_word' id='word_1_150' title='bbox 174 2837 317 2890; x_wconf 77' lang='lat' dir='ltr'><em>idem;</em></span> <span class='ocrx_word' id='word_1_151' title='bbox 349 2834 402 2878; x_wconf 83' lang='grc' dir='ltr'><em>σὺ</em></span> <span class='ocrx_word' id='word_1_152' title='bbox 429 2833 517 2890; x_wconf 80' lang='grc' dir='ltr'><em>γὰρ</em></span> <span class='ocrx_word' id='word_1_153' title='bbox 543 2833 614 2889; x_wconf 83' lang='grc' dir='ltr'><em>δή.</em></span> <span class='ocrx_word' id='word_1_154' title='bbox 705 2839 757 2877; x_wconf 91' lang='grc'><em>13</em></span> <span class='ocrx_word' id='word_1_155' title='bbox 791 2833 844 2877; x_wconf 85' lang='grc' dir='ltr'><em>δέ</em></span> <span class='ocrx_word' id='word_1_156' title='bbox 868 2834 936 2907; x_wconf 87' lang='grc' dir='ltr'><em>τε]</em></span> <span class='ocrx_word' id='word_1_157' title='bbox 964 2835 1192 2892; x_wconf 78' lang='lat' dir='ltr'><em>Koechly,</em></span> <span class='ocrx_word' id='word_1_158' title='bbox 1225 2833 1277 2878; x_wconf 87' lang='grc' dir='ltr'><em>δέ</em></span> <span class='ocrx_word' id='word_1_159' title='bbox 1300 2851 1383 2879; x_wconf 91' lang='grc' dir='ltr'><em>τοι.</em></span> <span class='ocrx_word' id='word_1_160' title='bbox 1466 2840 1519 2878; x_wconf 83' lang='grc'><em>15</em></span> <span class='ocrx_word' id='word_1_161' title='bbox 1553 2835 1727 2894; x_wconf 85' lang='grc' dir='ltr'><em>ἰθύνω]</em></span> 
     </span>
     <span class='ocr_line' id='line_1_27' title="bbox 38 2889 1725 2952; baseline -0.001 -13"><span class='ocrx_word' id='word_1_162' title='bbox 38 2896 182 2950; x_wconf 80' lang='lat' dir='ltr'><strong><em>idem,·</em></strong></span> <span class='ocrx_word' id='word_1_163' title='bbox 221 2893 414 2938; x_wconf 81' lang='grc' dir='ltr'><em>ἰθύνων.</em></span> <span class='ocrx_word' id='word_1_164' title='bbox 548 2898 601 2937; x_wconf 88' lang='grc'><em>18</em></span> <span class='ocrx_word' id='word_1_165' title='bbox 643 2889 851 2950; x_wconf 85' lang='grc' dir='ltr'><em>ριφεῖσα]</em></span> <span class='ocrx_word' id='word_1_166' title='bbox 893 2890 1132 2950; x_wconf 87' lang='grc' dir='ltr'><em>ριφθεῖσα.</em></span> <span class='ocrx_word' id='word_1_167' title='bbox 1268 2899 1319 2938; x_wconf 89' lang='grc'><em>19</em></span> <span class='ocrx_word' id='word_1_168' title='bbox 1360 2891 1538 2951; x_wconf 85' lang='grc' dir='ltr'><em>γίνεται</em></span> <span class='ocrx_word' id='word_1_169' title='bbox 1579 2890 1725 2952; x_wconf 84' lang='grc' dir='ltr'><em>αἶψα]</em></span> 
     </span>
     <span class='ocr_line' id='line_1_28' title="bbox 39 2950 474 3010; baseline -0.009 -12"><span class='ocrx_word' id='word_1_170' title='bbox 39 2931 474 3010; x_wconf 67' lang='grc' dir='ltr'><em>δὀ]ιενι1ι·ῖ;γίνεται.</em></span> 
     </span>
    </p>
   </div>
  </div>
 </body>
</html>
