2085 3215
321 156 459 214 (XV.)
491 155 571 200 DE
602 155 794 201 BELLO
829 155 1156 202 GILDONICO
1190 157 1374 201 LIBER
1403 159 1646 206 PRIMVS.
1762 162 1833 212 45

142 290 217 343 Et
258 291 409 343 cuius
447 291 655 343 meritis
694 291 867 360 pietas
906 292 964 343 in
1002 292 1168 344 fratre
1208 293 1440 346 recedat!
1749 310 1836 349 240

142 363 365 417 Infirmo
405 365 665 436 genitore,
705 365 838 434 vide,
880 366 1034 417 civile
1075 367 1282 419 calebat

140 438 462 507 Discidium,
502 439 665 491 dubio
707 439 924 491 stabant
963 439 1206 492 Romana
1248 442 1346 493 sub
1387 442 1520 512 ictu3

142 512 273 575 Quis
312 513 502 582 procul
541 512 828 565 Armenius
869 513 954 565 vel
995 514 1115 581 quis
1155 513 1421 568 Maeotide
1461 517 1576 585 ripa

139 585 257 639 Rex
295 587 516 658 ignotus
557 587 685 658 agit,
727 588 819 655 qui
858 606 943 639 me
980 606 1092 639 non
1129 588 1266 640 iuvit
1308 594 1521 642 euntem

138 659 398 713 Auxilio?
459 661 502 713 F
508 680 663 714 overe
706 660 886 731 Getae,
925 680 1115 714 venere
1158 661 1362 715 Geloni.
1751 680 1836 718 245

142 734 303 787 Solus
344 739 399 787 at
439 735 526 787 hic
563 754 675 788 non
713 754 891 804 puppe
932 736 1070 805 data,
1108 754 1220 788 non
1258 737 1429 789 milite
1470 739 1635 790 misso

142 807 396 862 Subsedit
436 810 682 862 fluitante
722 810 839 862 fide.
919 808 976 863 Si
1017 810 1171 881 signa
1209 812 1435 879 petisset

141 882 328 953 Obvia,
370 884 577 936 detecto
620 884 959 936 summissius
999 884 1156 936 hoste
1197 885 1453 937 dolerem:

139 957 365 1009 Restitit
403 959 461 1010 in
500 958 730 1027 speculis
771 959 870 1010 fati
910 959 1177 1027 turbaque
1216 960 1468 1012 reductus

138 1031 385 1084 Libravit
424 1033 665 1103 geminas
706 1036 900 1084 eventu
939 1033 1112 1085 iudice
1151 1034 1291 1086 vires
1751 1050 1838 1090 250

139 1105 227 1158 Ad
265 1124 444 1158 rerum
483 1110 754 1158 momenta
796 1107 961 1159 0110113
1003 1125 1223 1176 seseque
1265 1108 1486 1161 daturus

140 1179 374 1250 Victori,
412 1181 630 1232 fortuna
672 1181 833 1233 simul
874 1199 994 1233 cum
1032 1185 1210 1234 mente
1249 1183 1516 1251 pependit.

142 1252 186 1306 Ο
228 1255 274 1306 31
311 1273 423 1307 11011
462 1255 668 1323 cupidis
710 1274 881 1307 essem
920 1259 1236 1324 praereptus
1278 1257 1344 1308 ab
1386 1258 1562 1327 astriS,

139 1328 467 1398 Exemplum
507 1347 757 1398 sequerer
796 1330 941 1381 Tulli
980 1330 1336 1398 laniandaque
1377 1331 1551 1383 dumis

139 1401 313 1472 Impia
353 1403 577 1455 diversis
619 1407 859 1472 aptarem
898 1404 1139 1455 membra
1180 1404 1469 1475 quadrigis,
1752 1421 1837 1460 255

142 1476 396 1529 Germani
433 1496 576 1529 nunc
615 1496 785 1546 usque
825 1478 906 1530 tui
946 1496 1204 1546 responsa
1249 1479 1480 1531 colebat:

140 1550 229 1603 En
265 1552 462 1604 iterum
503 1551 685 1604 calcat.
765 1552 883 1604 Tali
922 1555 976 1604 te
1017 1552 1227 1604 credere
1266 1557 1510 1605 monstro

139 1624 273 1677 Post
312 1629 521 1694 patrem
560 1626 888 1694 fratremque
927 1627 1122 1694 paras?
1186 1625 1290 1679 Sed
1328 1646 1524 1698 magna
1563 1628 1807 1696 rependit

139 1697 310 1767 Inque
349 1703 499 1752 tuam
540 1703 740 1752 sortem
778 1718 1093 1753 numerosas
1133 1701 1414 1753 transtulit
1454 1702 1636 1754 urbes!

141 1773 292 1844 Ergo
333 1774 415 1825 fas
455 1775 629 1842 pretio
671 1774 857 1826 cedet?
919 1775 1159 1827 mercede
1198 1775 1433 1844 placebit
1753 1792 1839 1831 260

142 1847 425 1900 Proditio‘?
488 1848 676 1919 Taceo,
714 1848 847 1901 laesi
888 1849 1032 1917 quod
1071 1850 1355 1921 transfuga
1395 1850 1594 1920 fratriS,

144 1920 299 1983 Quod
339 1922 472 1974 levis
511 1923 743 1993 ingenio
824 1922 1079 1986 Quamvis
1120 1924 1425 1976 discrimine
1467 1943 1675 1977 summo

139 1995 394 2048 Proditor
433 1996 680 2065 adportet
721 2015 980 2066 suspensa
1018 2001 1192 2050 morte
1231 1999 1482 2051 salutem:

141 2070 456 2138 Numquam
495 2074 682 2141 gratus
723 2072 838 2123 erit
915 2071 1248 2123 Damnamus
1288 2073 1406 2124 luce
1445 2076 1656 2141 ieperta

143 2144 434 2197 Perfidiam
471 2162 570 2196 nec
608 2163 707 2196 nos
747 2145 984 2213 patimur
1025 2146 1359 2198 committere
1399 2147 1510 2198 tali.
1754 2161 1839 2201 265

142 2218 263 2271 Hoc
302 2237 472 2290 genus
513 2219 743 2287 emptori
783 2219 923 2271 cives
965 2237 1085 2271 cum
1124 2220 1405 2271 moenibus
1448 2220 1618 2289 offert,

143 2292 264 2345 Hoc
302 2293 484 2345 vendit
523 2293 768 2362 patriam.
845 2293 1096 2377 Plerique
1135 2294 1193 2345 in
1231 2298 1443 2362 tempus
1485 2294 1639 2346 abusi

144 2366 274 2419 Mox
315 2367 470 2419 odere
508 2370 710 2419 tamen:
755 2368 930 2420 10111111
970 2368 1047 2420 310
1088 2366 1249 2420 Graia
1287 2368 1572 2437 Philippus

146 2440 379 2511 Oppida3
416 2441 633 2494 Pellaeo
673 2442 896 2494 libertas
938 2442 1170 2494 concidit
1209 2461 1353 2494 01110.

144 2515 377 2567 Romani
417 2516 676 2568 scelerum
717 2535 925 2586 semper
965 2535 1210 2586 sprevere
1248 2517 1540 2569 ministros
1755 2531 1840 2571 270

143 2588 323 2641 Noxia
362 2590 666 2658 pollicitum
706 2590 922 2643 domino
962 2592 1183 2643 miscere
1222 2608 1424 2643 venena

145 2662 426 2716 Fabricius
465 2665 580 2735 regi
618 2665 818 2717 nudata
859 2666 1044 2718 fraude
1083 2665 1305 2734 remisit,

146 2735 352 2790 Infesto
395 2756 553 2806 quem
592 2737 765 2791 Marte
804 2740 955 2810 petit,
995 2739 1305 2807 bellumque
1343 2740 1562 2810 negavit

145 2810 250 2863 Per
289 2812 478 2864 famuli
516 2816 729 2882 patrare
767 2813 933 2885 nefas,
974 2814 1269 2881 ductosque
1312 2811 1570 2866 Camillus

269 2978 352 3016 ‘241
386 2973 592 3031 Infirmo]
627 2974 839 3030 Birtius;
870 2973 919 3017 in
952 2974 1116 3031 primo.
