<?xml version="1.0" encoding="UTF-8"?>
<!DOCTYPE html PUBLIC "-//W3C//DTD XHTML 1.0 Transitional//EN"
    "http://www.w3.org/TR/xhtml1/DTD/xhtml1-transitional.dtd">
<html xmlns="http://www.w3.org/1999/xhtml" xml:lang="en" lang="en">
 <head>
  <title>
</title>
<meta http-equiv="Content-Type" content="text/html;charset=utf-8" />
  <meta name='ocr-system' content='tesseract 3.04.00' />
  <meta name='ocr-capabilities' content='ocr_page ocr_carea ocr_par ocr_line ocrx_word'/>
</head>
<body>
  <div class='ocr_page' id='page_1' title='image "./carmina00clauuoft_0158.png"; bbox 0 0 2085 3215; ppageno 0'>
   <div class='ocr_carea' id='block_1_1' title="bbox 202 99 1355 157">
    <p class='ocr_par' dir='ltr' id='par_1_1' title="bbox 202 99 1355 157">
     <span class='ocr_line' id='line_1_1' title="bbox 202 99 1355 157; baseline -0.003 -10"><span class='ocrx_word' id='word_1_1' title='bbox 202 105 274 157; x_wconf 86' lang='lat'>90</span> <span class='ocrx_word' id='word_1_2' title='bbox 749 100 994 145; x_wconf 86' lang='lat' dir='ltr'>CLAVDII</span> <span class='ocrx_word' id='word_1_3' title='bbox 1026 99 1355 146; x_wconf 85' lang='lat' dir='ltr'>CLAVDIANI</span> 
     </span>
    </p>
   </div>
   <div class='ocr_carea' id='block_1_2' title="bbox 556 234 1596 747">
    <p class='ocr_par' dir='ltr' id='par_1_2' title="bbox 556 234 1596 747">
     <span class='ocr_line' id='line_1_2' title="bbox 560 234 1596 289; baseline -0.003 0"><span class='ocrx_word' id='word_1_4' title='bbox 560 237 785 289; x_wconf 75' lang='lat' dir='ltr'>Tractus</span> <span class='ocrx_word' id='word_1_5' title='bbox 827 237 893 287; x_wconf 91' lang='lat' dir='ltr'>ab</span> <span class='ocrx_word' id='word_1_6' title='bbox 935 236 1056 288; x_wconf 89' lang='lat' dir='ltr'>aula</span> <span class='ocrx_word' id='word_1_7' title='bbox 1096 254 1279 288; x_wconf 86' lang='lat' dir='ltr'>rursus</span> <span class='ocrx_word' id='word_1_8' title='bbox 1321 235 1378 287; x_wconf 92' lang='lat' dir='ltr'>in</span> <span class='ocrx_word' id='word_1_9' title='bbox 1418 234 1596 286; x_wconf 88' lang='lat' dir='ltr'>aulam</span> 
     </span>
     <span class='ocr_line' id='line_1_3' title="bbox 557 308 1529 381; baseline -0.003 -19"><span class='ocrx_word' id='word_1_10' title='bbox 557 310 760 362; x_wconf 86' lang='lat' dir='ltr'>Redeat</span> <span class='ocrx_word' id='word_1_11' title='bbox 801 310 1035 381; x_wconf 81' lang='lat' dir='ltr'>sanguis.</span> <span class='ocrx_word' id='word_1_12' title='bbox 1112 309 1290 362; x_wconf 90' lang='lat' dir='ltr'>Patris</span> <span class='ocrx_word' id='word_1_13' title='bbox 1333 308 1529 360; x_wconf 82' lang='lat' dir='ltr'>officiis</span> 
     </span>
     <span class='ocr_line' id='line_1_4' title="bbox 556 383 1479 454; baseline -0.003 -18"><span class='ocrx_word' id='word_1_14' title='bbox 556 383 725 454; x_wconf 81' lang='lat' dir='ltr'>Iunge</span> <span class='ocrx_word' id='word_1_15' title='bbox 764 383 974 452; x_wconf 91' lang='lat' dir='ltr'>potenti</span> <span class='ocrx_word' id='word_1_16' title='bbox 1013 383 1240 454; x_wconf 86' lang='lat' dir='ltr'>pignora</span> <span class='ocrx_word' id='word_1_17' title='bbox 1282 383 1479 434; x_wconf 85' lang='lat' dir='ltr'>dextra.</span> 
     </span>
     <span class='ocr_line' id='line_1_5' title="bbox 560 456 1492 528; baseline -0.003 -18"><span class='ocrx_word' id='word_1_18' title='bbox 560 457 732 510; x_wconf 86' lang='lat' dir='ltr'>Gener</span> <span class='ocrx_word' id='word_1_19' title='bbox 771 457 1008 528; x_wconf 83' lang='lat' dir='ltr'>Augusti</span> <span class='ocrx_word' id='word_1_20' title='bbox 1047 457 1253 526; x_wconf 84' lang='lat' dir='ltr'>pridem</span> <span class='ocrx_word' id='word_1_21' title='bbox 1292 456 1470 507; x_wconf 77' lang='lat' dir='ltr'>fueras</span> <span class='ocrx_word' id='word_1_22' title='bbox 1481 499 1492 524; x_wconf 89' lang='lat'>,</span> 
     </span>
     <span class='ocr_line' id='line_1_6' title="bbox 556 528 1564 600; baseline -0.004 -16"><span class='ocrx_word' id='word_1_23' title='bbox 556 531 714 584; x_wconf 89' lang='lat' dir='ltr'>Nunc</span> <span class='ocrx_word' id='word_1_24' title='bbox 754 550 939 583; x_wconf 85' lang='lat' dir='ltr'>rursus</span> <span class='ocrx_word' id='word_1_25' title='bbox 980 531 1084 583; x_wconf 89' lang='lat' dir='ltr'>eris</span> <span class='ocrx_word' id='word_1_26' title='bbox 1126 549 1274 583; x_wconf 87' lang='lat' dir='ltr'>socer</span> <span class='ocrx_word' id='word_1_27' title='bbox 1314 528 1564 600; x_wconf 75' lang='lat' dir='ltr'><strong>Augusti.</strong></span> 
     </span>
     <span class='ocr_line' id='line_1_7' title="bbox 559 602 1476 668; baseline -0.003 -11"><span class='ocrx_word' id='word_1_28' title='bbox 559 605 703 668; x_wconf 83' lang='lat' dir='ltr'>Quae</span> <span class='ocrx_word' id='word_1_29' title='bbox 744 605 850 657; x_wconf 90' lang='lat' dir='ltr'>iam</span> <span class='ocrx_word' id='word_1_30' title='bbox 891 605 1067 656; x_wconf 77' lang='lat' dir='ltr'>rabies</span> <span class='ocrx_word' id='word_1_31' title='bbox 1108 604 1296 656; x_wconf 82' lang='lat' dir='ltr'>livoris</span> <span class='ocrx_word' id='word_1_32' title='bbox 1338 602 1476 655; x_wconf 81' lang='lat' dir='ltr'>erit‘?</span> 
     </span>
     <span class='ocr_line' id='line_1_8' title="bbox 556 676 1574 747; baseline -0.003 -17"><span class='ocrx_word' id='word_1_33' title='bbox 556 679 658 731; x_wconf 88' lang='lat' dir='ltr'>Vel</span> <span class='ocrx_word' id='word_1_34' title='bbox 699 680 819 747; x_wconf 86' lang='lat' dir='ltr'>quis</span> <span class='ocrx_word' id='word_1_35' title='bbox 861 679 1076 730; x_wconf 89' lang='lat' dir='ltr'>dabitur</span> <span class='ocrx_word' id='word_1_36' title='bbox 1117 679 1263 730; x_wconf 88' lang='lat' dir='ltr'>color</span> <span class='ocrx_word' id='word_1_37' title='bbox 1304 676 1574 729; x_wconf 76' lang='lat' dir='ltr'>invidiae?</span> 
     </span>
    </p>
   </div>
   <div class='ocr_carea' id='block_1_3' title="bbox 558 749 1714 820">
    <p class='ocr_par' dir='ltr' id='par_1_3' title="bbox 558 749 1714 820">
     <span class='ocr_line' id='line_1_9' title="bbox 558 749 1714 820; baseline -0.003 -15"><span class='ocrx_word' id='word_1_38' title='bbox 558 751 786 805; x_wconf 75' lang='lat' dir='ltr'>Stilicho</span> <span class='ocrx_word' id='word_1_39' title='bbox 828 771 977 804; x_wconf 87' lang='lat' dir='ltr'>socer</span> <span class='ocrx_word' id='word_1_40' title='bbox 1017 756 1118 820; x_wconf 84' lang='lat' dir='ltr'>est,</span> <span class='ocrx_word' id='word_1_41' title='bbox 1158 755 1310 820; x_wconf 87' lang='lat' dir='ltr'>pater</span> <span class='ocrx_word' id='word_1_42' title='bbox 1349 754 1430 803; x_wconf 88' lang='lat' dir='ltr'>est</span> <span class='ocrx_word' id='word_1_43' title='bbox 1470 749 1714 803; x_wconf 77' lang='lat' dir='ltr'>Stilicho,</span> 
     </span>
    </p>
   </div>
   <div class='ocr_carea' id='block_1_4' title="bbox 1025 917 1223 922">
    <p class='ocr_par' dir='ltr' id='par_1_4' title="bbox 1025 917 1223 922">
     <span class='ocr_line' id='line_1_10' title="bbox 1025 917 1223 922; baseline 0 0"><span class='ocrx_word' id='word_1_44' title='bbox 1025 917 1223 922; x_wconf 95' lang='lat' dir='ltr'> </span> 
     </span>
    </p>
   </div>
   <div class='ocr_carea' id='block_1_5' title="bbox 903 1029 1185 1086">
    <p class='ocr_par' dir='ltr' id='par_1_5' title="bbox 903 1029 1185 1086">
     <span class='ocr_line' id='line_1_11' title="bbox 903 1029 1185 1086; baseline 0.004 -13"><span class='ocrx_word' id='word_1_45' title='bbox 903 1030 980 1074; x_wconf 82' lang='lat' dir='ltr'>IV.</span> <span class='ocrx_word' id='word_1_46' title='bbox 1021 1029 1185 1086; x_wconf 74' lang='lat' dir='ltr'>(xiv.)</span> 
     </span>
    </p>
   </div>
   <div class='ocr_carea' id='block_1_6' title="bbox 192 1119 1529 2957">
    <p class='ocr_par' dir='ltr' id='par_1_6' title="bbox 195 1119 1482 2216">
     <span class='ocr_line' id='line_1_12' title="bbox 310 1119 1344 1175; baseline -0.005 0"><span class='ocrx_word' id='word_1_47' title='bbox 310 1121 584 1175; x_wconf 74' lang='lat' dir='ltr'>Attollens</span> <span class='ocrx_word' id='word_1_48' title='bbox 625 1120 878 1172; x_wconf 88' lang='lat' dir='ltr'>thalamis</span> <span class='ocrx_word' id='word_1_49' title='bbox 919 1119 1148 1172; x_wconf 89' lang='lat' dir='ltr'>Idalium</span> <span class='ocrx_word' id='word_1_50' title='bbox 1189 1120 1344 1171; x_wconf 89' lang='lat' dir='ltr'>iubar</span> 
     </span>
     <span class='ocr_line' id='line_1_13' title="bbox 198 1194 1289 1262; baseline -0.004 -13"><span class='ocrx_word' id='word_1_51' title='bbox 198 1196 444 1249; x_wconf 82' lang='lat' dir='ltr'>Dilectus</span> <span class='ocrx_word' id='word_1_52' title='bbox 484 1195 683 1247; x_wconf 89' lang='lat' dir='ltr'>Veneri</span> <span class='ocrx_word' id='word_1_53' title='bbox 722 1195 964 1246; x_wconf 87' lang='lat' dir='ltr'>nascitur</span> <span class='ocrx_word' id='word_1_54' title='bbox 1002 1194 1289 1262; x_wconf 76' lang='lat' dir='ltr'>Hesperus</span> 
     </span>
     <span class='ocr_line' id='line_1_14' title="bbox 196 1267 1365 1338; baseline -0.003 -16"><span class='ocrx_word' id='word_1_55' title='bbox 196 1269 311 1322; x_wconf 91' lang='lat' dir='ltr'>Iam</span> <span class='ocrx_word' id='word_1_56' title='bbox 350 1273 549 1338; x_wconf 86' lang='lat' dir='ltr'>nuptae</span> <span class='ocrx_word' id='word_1_57' title='bbox 589 1269 823 1337; x_wconf 82' lang='lat' dir='ltr'>trepidat</span> <span class='ocrx_word' id='word_1_58' title='bbox 865 1267 1132 1320; x_wconf 87' lang='lat' dir='ltr'>sollicitus</span> <span class='ocrx_word' id='word_1_59' title='bbox 1171 1267 1365 1336; x_wconf 91' lang='lat' dir='ltr'>pudor,</span> 
     </span>
     <span class='ocr_line' id='line_1_15' title="bbox 195 1340 1482 1413; baseline -0.002 -17"><span class='ocrx_word' id='word_1_60' title='bbox 195 1343 311 1396; x_wconf 91' lang='lat' dir='ltr'>Iam</span> <span class='ocrx_word' id='word_1_61' title='bbox 349 1344 584 1413; x_wconf 90' lang='lat' dir='ltr'>produnt</span> <span class='ocrx_word' id='word_1_62' title='bbox 623 1342 872 1394; x_wconf 86' lang='lat' dir='ltr'>lacrimas</span> <span class='ocrx_word' id='word_1_63' title='bbox 912 1343 1157 1393; x_wconf 88' lang='lat' dir='ltr'>flammea</span> <span class='ocrx_word' id='word_1_64' title='bbox 1197 1340 1482 1409; x_wconf 73' lang='lat' dir='ltr'>simplices</span> 
     </span>
     <span class='ocr_line' id='line_1_16' title="bbox 196 1414 1382 1487; baseline -0.004 -16"><span class='ocrx_word' id='word_1_65' title='bbox 196 1418 280 1471; x_wconf 90' lang='lat' dir='ltr'>Ne</span> <span class='ocrx_word' id='word_1_66' title='bbox 321 1436 490 1487; x_wconf 90' lang='lat' dir='ltr'>cessa,</span> <span class='ocrx_word' id='word_1_67' title='bbox 530 1417 762 1486; x_wconf 83' lang='lat' dir='ltr'>iuvenis,</span> <span class='ocrx_word' id='word_1_68' title='bbox 803 1416 1100 1468; x_wconf 87' lang='lat' dir='ltr'>comminus</span> <span class='ocrx_word' id='word_1_69' title='bbox 1142 1414 1382 1485; x_wconf 72' lang='lat' dir='ltr'>adgredi,</span> 
     </span>
     <span class='ocr_line' id='line_1_17' title="bbox 198 1489 1207 1560; baseline -0.003 -16"><span class='ocrx_word' id='word_1_70' title='bbox 198 1490 471 1560; x_wconf 88' lang='lat' dir='ltr'>Impacata</span> <span class='ocrx_word' id='word_1_71' title='bbox 511 1491 638 1543; x_wconf 91' lang='lat' dir='ltr'>licet</span> <span class='ocrx_word' id='word_1_72' title='bbox 679 1491 881 1542; x_wconf 81' lang='lat' dir='ltr'>saeviat</span> <span class='ocrx_word' id='word_1_73' title='bbox 920 1489 1207 1560; x_wconf 80' lang='lat' dir='ltr'>unguibus</span> 
     </span>
     <span class='ocr_line' id='line_1_18' title="bbox 195 1562 1364 1633; baseline -0.003 -16"><span class='ocrx_word' id='word_1_74' title='bbox 195 1565 324 1617; x_wconf 88' lang='lat' dir='ltr'>Non</span> <span class='ocrx_word' id='word_1_75' title='bbox 364 1566 648 1633; x_wconf 87' lang='lat' dir='ltr'>quisquam</span> <span class='ocrx_word' id='word_1_76' title='bbox 689 1565 888 1615; x_wconf 83' lang='lat' dir='ltr'>fruitur</span> <span class='ocrx_word' id='word_1_77' title='bbox 927 1563 1067 1615; x_wconf 83' lang='lat' dir='ltr'>veris</span> <span class='ocrx_word' id='word_1_78' title='bbox 1109 1562 1364 1614; x_wconf 89' lang='lat' dir='ltr'>odoribus</span> 
     </span>
     <span class='ocr_line' id='line_1_19' title="bbox 197 1636 1326 1707; baseline -0.004 -16"><span class='ocrx_word' id='word_1_79' title='bbox 197 1638 474 1707; x_wconf 83' lang='lat' dir='ltr'>Hyblaeos</span> <span class='ocrx_word' id='word_1_80' title='bbox 514 1638 738 1690; x_wconf 86' lang='lat' dir='ltr'>latebris</span> <span class='ocrx_word' id='word_1_81' title='bbox 776 1656 873 1689; x_wconf 89' lang='lat' dir='ltr'>nec</span> <span class='ocrx_word' id='word_1_82' title='bbox 915 1636 1112 1705; x_wconf 90' lang='lat' dir='ltr'>spoliat</span> <span class='ocrx_word' id='word_1_83' title='bbox 1152 1636 1326 1705; x_wconf 62' lang='lat' dir='ltr'>sav-OS,</span> 
     </span>
     <span class='ocr_line' id='line_1_20' title="bbox 199 1710 1254 1780; baseline -0.004 -16"><span class='ocrx_word' id='word_1_84' title='bbox 199 1712 257 1765; x_wconf 81' lang='lat' dir='ltr'>Si</span> <span class='ocrx_word' id='word_1_85' title='bbox 296 1712 465 1764; x_wconf 86' lang='lat' dir='ltr'>fronti</span> <span class='ocrx_word' id='word_1_86' title='bbox 507 1716 711 1780; x_wconf 83' lang='lat' dir='ltr'>caveat,</span> <span class='ocrx_word' id='word_1_87' title='bbox 753 1711 799 1762; x_wconf 93' lang='lat' dir='ltr'>si</span> <span class='ocrx_word' id='word_1_88' title='bbox 838 1711 1027 1762; x_wconf 90' lang='lat' dir='ltr'>timeat</span> <span class='ocrx_word' id='word_1_89' title='bbox 1067 1710 1254 1777; x_wconf 66' lang='lat' dir='ltr'>rubos,</span> 
     </span>
     <span class='ocr_line' id='line_1_21' title="bbox 196 1784 1404 1854; baseline -0.002 -17"><span class='ocrx_word' id='word_1_90' title='bbox 196 1786 388 1837; x_wconf 87' lang='lat' dir='ltr'>Armat</span> <span class='ocrx_word' id='word_1_91' title='bbox 428 1786 581 1854; x_wconf 88' lang='lat' dir='ltr'>spina</span> <span class='ocrx_word' id='word_1_92' title='bbox 621 1803 795 1854; x_wconf 76' lang='lat' dir='ltr'>rosaS,</span> <span class='ocrx_word' id='word_1_93' title='bbox 835 1784 994 1836; x_wconf 85' lang='lat' dir='ltr'>mella</span> <span class='ocrx_word' id='word_1_94' title='bbox 1035 1787 1225 1853; x_wconf 82' lang='lat' dir='ltr'>tegunt</span> <span class='ocrx_word' id='word_1_95' title='bbox 1266 1801 1404 1851; x_wconf 73' lang='lat' dir='ltr'>apes</span> 
     </span>
     <span class='ocr_line' id='line_1_22' title="bbox 201 1857 1169 1929; baseline -0.003 -18"><span class='ocrx_word' id='word_1_96' title='bbox 201 1859 461 1911; x_wconf 82' lang='lat' dir='ltr'>Crescunt</span> <span class='ocrx_word' id='word_1_97' title='bbox 503 1859 714 1910; x_wconf 84' lang='lat' dir='ltr'>difficili</span> <span class='ocrx_word' id='word_1_98' title='bbox 755 1858 952 1929; x_wconf 80' lang='lat' dir='ltr'>gaudia</span> <span class='ocrx_word' id='word_1_99' title='bbox 992 1857 1169 1927; x_wconf 81' lang='lat' dir='ltr'>iurgio</span> 
     </span>
     <span class='ocr_line' id='line_1_23' title="bbox 195 1929 1472 2002; baseline -0.002 -17"><span class='ocrx_word' id='word_1_100' title='bbox 195 1933 561 2000; x_wconf 84' lang='lat' dir='ltr'>Accenditque</span> <span class='ocrx_word' id='word_1_101' title='bbox 600 1932 796 2002; x_wconf 76' lang='lat' dir='ltr'>magiS,</span> <span class='ocrx_word' id='word_1_102' title='bbox 838 1950 971 2000; x_wconf 88' lang='lat' dir='ltr'>quae</span> <span class='ocrx_word' id='word_1_103' title='bbox 1010 1931 1235 2001; x_wconf 77' lang='lat' dir='ltr'>refugit,</span> <span class='ocrx_word' id='word_1_104' title='bbox 1274 1929 1472 1982; x_wconf 76' lang='lat' dir='ltr'>Venus</span> 
     </span>
     <span class='ocr_line' id='line_1_24' title="bbox 198 2004 1434 2075; baseline -0.002 -17"><span class='ocrx_word' id='word_1_105' title='bbox 198 2006 351 2068; x_wconf 84' lang='lat' dir='ltr'>Quod</span> <span class='ocrx_word' id='word_1_106' title='bbox 390 2007 541 2058; x_wconf 88' lang='lat' dir='ltr'>flenti</span> <span class='ocrx_word' id='word_1_107' title='bbox 581 2006 793 2075; x_wconf 78' lang='lat' dir='ltr'>tuleriS,</span> <span class='ocrx_word' id='word_1_108' title='bbox 833 2006 956 2074; x_wconf 90' lang='lat' dir='ltr'>plus</span> <span class='ocrx_word' id='word_1_109' title='bbox 997 2004 1137 2073; x_wconf 87' lang='lat' dir='ltr'>sapit</span> <span class='ocrx_word' id='word_1_110' title='bbox 1179 2004 1434 2056; x_wconf 89' lang='lat' dir='ltr'>osculum.</span> 
     </span>
     <span class='ocr_line' id='line_1_25' title="bbox 195 2077 1390 2149; baseline -0.003 -17"><span class='ocrx_word' id='word_1_111' title='bbox 195 2081 355 2132; x_wconf 86' lang='lat' dir='ltr'>Dices</span> <span class='ocrx_word' id='word_1_112' title='bbox 397 2079 490 2132; x_wconf 62' lang='lat'>‘03&#39;</span> <span class='ocrx_word' id='word_1_113' title='bbox 533 2080 804 2149; x_wconf 79' lang='lat' dir='ltr'>quotienS,</span> <span class='ocrx_word' id='word_1_114' title='bbox 846 2079 967 2131; x_wconf 76' lang='lat' dir='ltr'>‘hoc</span> <span class='ocrx_word' id='word_1_115' title='bbox 1006 2078 1141 2130; x_wconf 93' lang='lat' dir='ltr'>mihi</span> <span class='ocrx_word' id='word_1_116' title='bbox 1183 2077 1390 2129; x_wconf 89' lang='lat' dir='ltr'>dulcius</span> 
     </span>
     <span class='ocr_line' id='line_1_26' title="bbox 198 2151 1434 2216; baseline -0.002 -11"><span class='ocrx_word' id='word_1_117' title='bbox 198 2153 368 2216; x_wconf 86' lang='lat' dir='ltr'>Quam</span> <span class='ocrx_word' id='word_1_118' title='bbox 408 2155 576 2205; x_wconf 81' lang='lat' dir='ltr'>flavos</span> <span class='ocrx_word' id='word_1_119' title='bbox 618 2154 827 2205; x_wconf 86' lang='lat' dir='ltr'>deciens</span> <span class='ocrx_word' id='word_1_120' title='bbox 867 2153 1078 2204; x_wconf 77' lang='lat' dir='ltr'>vincere</span> <span class='ocrx_word' id='word_1_121' title='bbox 1120 2151 1434 2203; x_wconf 57' lang='lat' dir='ltr'>Sarmatas?</span> 
     </span>
    </p>

    <p class='ocr_par' dir='ltr' id='par_1_7' title="bbox 192 2225 1529 2957">
     <span class='ocr_line' id='line_1_27' title="bbox 305 2225 1374 2296; baseline -0.004 -17"><span class='ocrx_word' id='word_1_122' title='bbox 305 2227 593 2296; x_wconf 81' lang='lat' dir='ltr'>Adspirate</span> <span class='ocrx_word' id='word_1_123' title='bbox 632 2245 827 2279; x_wconf 84' lang='lat' dir='ltr'>novam</span> <span class='ocrx_word' id='word_1_124' title='bbox 866 2226 1176 2295; x_wconf 83' lang='lat' dir='ltr'>pectoribus</span> <span class='ocrx_word' id='word_1_125' title='bbox 1215 2225 1374 2276; x_wconf 89' lang='lat' dir='ltr'>fidem</span> 
     </span>
     <span class='ocr_line' id='line_1_28' title="bbox 195 2299 1358 2369; baseline -0.003 -16"><span class='ocrx_word' id='word_1_126' title='bbox 195 2301 611 2369; x_wconf 86' lang='lat' dir='ltr'>Mansuramque</span> <span class='ocrx_word' id='word_1_127' title='bbox 650 2301 821 2352; x_wconf 86' lang='lat' dir='ltr'>facem</span> <span class='ocrx_word' id='word_1_128' title='bbox 859 2300 1056 2351; x_wconf 84' lang='lat' dir='ltr'>tradite</span> <span class='ocrx_word' id='word_1_129' title='bbox 1098 2299 1358 2351; x_wconf 80' lang='lat' dir='ltr'>sensibus,</span> 
     </span>
     <span class='ocr_line' id='line_1_29' title="bbox 195 2373 1366 2440; baseline -0.003 -14"><span class='ocrx_word' id='word_1_130' title='bbox 195 2375 326 2426; x_wconf 88' lang='lat' dir='ltr'>Tam</span> <span class='ocrx_word' id='word_1_131' title='bbox 366 2375 565 2426; x_wconf 85' lang='lat' dir='ltr'>iunctis</span> <span class='ocrx_word' id='word_1_132' title='bbox 605 2375 854 2426; x_wconf 88' lang='lat' dir='ltr'>manibus</span> <span class='ocrx_word' id='word_1_133' title='bbox 892 2374 1091 2425; x_wconf 91' lang='lat' dir='ltr'>nectite</span> <span class='ocrx_word' id='word_1_134' title='bbox 1130 2373 1366 2440; x_wconf 83' lang='lat' dir='ltr'>vincula,</span> 
     </span>
     <span class='ocr_line' id='line_1_30' title="bbox 197 2444 1529 2516; baseline -0.004 -16"><span class='ocrx_word' id='word_1_135' title='bbox 197 2447 366 2509; x_wconf 89' lang='lat' dir='ltr'>Quam</span> <span class='ocrx_word' id='word_1_136' title='bbox 406 2448 659 2500; x_wconf 81' lang='lat' dir='ltr'>frondens</span> <span class='ocrx_word' id='word_1_137' title='bbox 699 2448 892 2499; x_wconf 88' lang='lat' dir='ltr'>hedera</span> <span class='ocrx_word' id='word_1_138' title='bbox 934 2447 1221 2516; x_wconf 84' lang='lat' dir='ltr'>stringitur</span> <span class='ocrx_word' id='word_1_139' title='bbox 1261 2444 1529 2513; x_wconf 78' lang='lat' dir='ltr'>aesculus,</span> 
     </span>
     <span class='ocr_line' id='line_1_31' title="bbox 196 2519 1403 2590; baseline -0.003 -17"><span class='ocrx_word' id='word_1_140' title='bbox 196 2520 365 2583; x_wconf 85' lang='lat' dir='ltr'>Quam</span> <span class='ocrx_word' id='word_1_141' title='bbox 404 2522 549 2573; x_wconf 91' lang='lat' dir='ltr'>lento</span> <span class='ocrx_word' id='word_1_142' title='bbox 589 2521 852 2590; x_wconf 89' lang='lat' dir='ltr'>premitur</span> <span class='ocrx_word' id='word_1_143' title='bbox 890 2520 1111 2588; x_wconf 91' lang='lat' dir='ltr'>palmite</span> <span class='ocrx_word' id='word_1_144' title='bbox 1150 2519 1403 2587; x_wconf 62' lang='lat' dir='ltr'>populiffi,</span> 
     </span>
     <span class='ocr_line' id='line_1_32' title="bbox 193 2593 1264 2663; baseline -0.003 -17"><span class='ocrx_word' id='word_1_145' title='bbox 193 2594 268 2646; x_wconf 89' lang='lat' dir='ltr'>Et</span> <span class='ocrx_word' id='word_1_146' title='bbox 306 2614 546 2646; x_wconf 91' lang='lat' dir='ltr'>murmur</span> <span class='ocrx_word' id='word_1_147' title='bbox 587 2595 808 2663; x_wconf 85' lang='lat' dir='ltr'>querula</span> <span class='ocrx_word' id='word_1_148' title='bbox 846 2593 1096 2645; x_wconf 82' lang='lat' dir='ltr'>blandius</span> <span class='ocrx_word' id='word_1_149' title='bbox 1137 2593 1264 2643; x_wconf 89' lang='lat' dir='ltr'>alite</span> 
     </span>
     <span class='ocr_line' id='line_1_33' title="bbox 192 2666 1186 2737; baseline -0.003 -18"><span class='ocrx_word' id='word_1_150' title='bbox 192 2668 420 2737; x_wconf 81' lang='lat' dir='ltr'>Linguis</span> <span class='ocrx_word' id='word_1_151' title='bbox 462 2669 682 2720; x_wconf 87' lang='lat' dir='ltr'>adsiduo</span> <span class='ocrx_word' id='word_1_152' title='bbox 723 2667 927 2720; x_wconf 82' lang='lat' dir='ltr'>reddite</span> <span class='ocrx_word' id='word_1_153' title='bbox 970 2666 1186 2718; x_wconf 89' lang='lat' dir='ltr'>mutuis.</span> 
     </span>
     <span class='ocr_line' id='line_1_34' title="bbox 192 2740 1206 2794; baseline -0.002 -2"><span class='ocrx_word' id='word_1_154' title='bbox 192 2740 267 2792; x_wconf 87' lang='lat' dir='ltr'>Et</span> <span class='ocrx_word' id='word_1_155' title='bbox 306 2741 473 2792; x_wconf 87' lang='lat' dir='ltr'>labris</span> <span class='ocrx_word' id='word_1_156' title='bbox 515 2743 751 2794; x_wconf 89' lang='lat' dir='ltr'>animum</span> <span class='ocrx_word' id='word_1_157' title='bbox 792 2740 1206 2793; x_wconf 87' lang='lat' dir='ltr'>conciliantibus</span> 
     </span>
     <span class='ocr_line' id='line_1_35' title="bbox 192 2812 1303 2883; baseline -0.003 -17"><span class='ocrx_word' id='word_1_158' title='bbox 192 2812 479 2866; x_wconf 85' lang='lat' dir='ltr'>Alternum</span> <span class='ocrx_word' id='word_1_159' title='bbox 519 2816 692 2883; x_wconf 89' lang='lat' dir='ltr'>rapiat</span> <span class='ocrx_word' id='word_1_160' title='bbox 734 2833 952 2867; x_wconf 89' lang='lat' dir='ltr'>somnus</span> <span class='ocrx_word' id='word_1_161' title='bbox 993 2813 1303 2865; x_wconf 86' lang='lat' dir='ltr'>anhelitum.</span> 
     </span>
     <span class='ocr_line' id='line_1_36' title="bbox 192 2886 1132 2957; baseline -0.001 -18"><span class='ocrx_word' id='word_1_162' title='bbox 192 2886 461 2956; x_wconf 79' lang='lat' dir='ltr'>Amplexu</span> <span class='ocrx_word' id='word_1_163' title='bbox 502 2889 669 2940; x_wconf 86' lang='lat' dir='ltr'>caleat</span> <span class='ocrx_word' id='word_1_164' title='bbox 708 2907 944 2957; x_wconf 87' lang='lat' dir='ltr'>purpura</span> <span class='ocrx_word' id='word_1_165' title='bbox 984 2887 1132 2957; x_wconf 81' lang='lat' dir='ltr'>regio</span> 
     </span>
    </p>
   </div>
   <div class='ocr_carea' id='block_1_7' title="bbox 1839 615 1892 654">
    <p class='ocr_par' dir='ltr' id='par_1_8' title="bbox 1839 615 1892 654">
     <span class='ocr_line' id='line_1_37' title="bbox 1839 615 1892 654; baseline 0 0"><span class='ocrx_word' id='word_1_166' title='bbox 1839 615 1892 654; x_wconf 90' lang='lat'>10</span> 
     </span>
    </p>
   </div>
   <div class='ocr_carea' id='block_1_8' title="bbox 1837 1797 1891 1837">
    <p class='ocr_par' dir='ltr' id='par_1_9' title="bbox 1837 1797 1891 1837">
     <span class='ocr_line' id='line_1_38' title="bbox 1837 1797 1891 1837; baseline 0.037 -2"><span class='ocrx_word' id='word_1_167' title='bbox 1837 1797 1891 1837; x_wconf 89' lang='lat'>10</span> 
     </span>
    </p>
   </div>
   <div class='ocr_carea' id='block_1_9' title="bbox 1836 2165 1888 2205">
    <p class='ocr_par' dir='ltr' id='par_1_10' title="bbox 1836 2165 1888 2205">
     <span class='ocr_line' id='line_1_39' title="bbox 1836 2165 1888 2205; baseline 0.019 -1"><span class='ocrx_word' id='word_1_168' title='bbox 1836 2165 1888 2205; x_wconf 85' lang='lat'>15</span> 
     </span>
    </p>
   </div>
   <div class='ocr_carea' id='block_1_10' title="bbox 1830 2532 1889 2572">
    <p class='ocr_par' dir='ltr' id='par_1_11' title="bbox 1830 2532 1889 2572">
     <span class='ocr_line' id='line_1_40' title="bbox 1830 2532 1889 2572; baseline 0.034 -2"><span class='ocrx_word' id='word_1_169' title='bbox 1830 2532 1889 2572; x_wconf 83' lang='lat'>20</span> 
     </span>
    </p>
   </div>
   <div class='ocr_carea' id='block_1_11' title="bbox 1828 2898 1883 2938">
    <p class='ocr_par' dir='ltr' id='par_1_12' title="bbox 1828 2898 1883 2938">
     <span class='ocr_line' id='line_1_41' title="bbox 1828 2898 1883 2938; baseline 0.018 -1"><span class='ocrx_word' id='word_1_170' title='bbox 1828 2898 1883 2938; x_wconf 83' lang='lat'>25</span> 
     </span>
    </p>
   </div>
  </div>
 </body>
</html>
