2085 3215
369 154 574 213 (XVIII.)
605 156 671 199 IN
702 154 1064 199 EVTROPIVM
1094 152 1275 197 LIBER
1308 152 1552 198 PRIMVS.
1746 152 1813 205 61

110 292 282 346 Arma
321 290 563 360 relinque
602 291 746 343 viris,
827 288 1107 343 Geminam
1148 290 1279 358 quin
1318 287 1510 340 dividis
1551 286 1729 340 aulam

115 366 445 434 Conarisque
485 366 605 434 pios
647 364 783 417 odiis
825 365 1158 417 committere
1199 363 1415 415 fratres!

110 441 188 493 Te
228 440 424 511 magiS‚
464 439 534 492 ah
573 439 811 508 demenS‚
850 442 1085 490 veterem
1127 438 1172 489 si
1211 437 1433 506 respicis
1474 440 1670 504 artem,

115 515 414 568 Conciliare
455 513 618 566 decet.

692 585 871 640 Gestis
911 604 1010 654 pro
1050 585 1252 638 talibus
1295 603 1495 636 annum

113 662 354 735 Flagitet
392 661 707 730 Eutropius,
746 679 813 713 ne
855 660 983 729 quid
1021 678 1133 712 non
1171 658 1381 728 polluat
1420 677 1582 727 unus,
1735 672 1821 711 285

114 737 240 790 Dux
280 736 442 805 36163,
480 735 639 788 iudex
677 735 969 804 praetoria,
1009 738 1253 802 tempora
1294 733 1504 785 consul!

227 809 324 863 Nil
364 810 493 862 adeo
534 809 777 878 foedum,
819 809 964 877 quod
1001 827 1112 860 non
1152 810 1338 860 exacta
1377 810 1619 858 vetustas

113 884 361 938 Ediderit
399 884 656 955 longique
695 884 852 936 labor
892 882 1220 935 commiserit
1260 882 1389 933 aevi.

116 958 417 1027 Oedipodes
457 962 706 1028 matrem,
744 962 930 1010 natam
970 957 1183 1009 duxisse
1224 955 1487 1024 Thyestes

120 1033 406 1102 Cantatur‚
444 1033 652 1102 peperit
692 1033 887 1084 fratres
928 1030 1140 1084 Iocasta
1179 1031 1375 1082 marito
1740 1043 1824 1083 290

116 1108 192 1160 Et
230 1107 464 1175 Pelopea
504 1107 621 1159 sibi.
700 1106 912 1158 Thebas
953 1124 1013 1158 ac
1053 1106 1241 1157 funera
1281 1104 1472 1156 Troiae

117 1182 313 1234 Tristis
353 1180 645 1233 Erechthei
685 1181 929 1250 deplorat
970 1198 1160 1233 scaena
1199 1179 1413 1231 theatri.

117 1255 184 1309 In
221 1256 496 1308 volucrem
535 1255 758 1326 TereuS‚
801 1254 1032 1307 Cadmus
1075 1272 1130 1306 se
1169 1254 1333 1306 vertit
1372 1253 1430 1305 in
1469 1270 1713 1322 anguem.

120 1330 303 1399 Scylla
340 1348 512 1382 novos
551 1330 746 1382 mirata
787 1347 957 1381 canes,
1036 1328 1196 1380 Hunc
1236 1327 1427 1380 arbore
1467 1327 1602 1397 figit,

118 1405 314 1457 Elevat
352 1403 497 1456 hunc
535 1404 719 1472 pluma
729 1447 743 1473 ,
784 1403 1022 1471 squamis
1062 1403 1206 1455 hunc
1245 1401 1430 1454 fabula
1469 1401 1653 1469 vestit,
1740 1414 1826 1453 ‘295

119 1478 280 1531 Hunc
328 1477 491 1530 solvit
537 1478 717 1530 fluvio
794 1477 1108 1546 Numquam
1155 1475 1321 1545 spado
1373 1474 1563 1528 consul
1601 1475 1660 1527 in
1700 1474 1827 1527 orbe

118 1552 235 1606 Nec
273 1552 434 1604 iudex
474 1552 728 1604 ductorve
769 1552 895 1604 fuit!
975 1550 1360 1619 Quodcumque
1399 1550 1639 1602 virorum

119 1627 224 1679 Est
264 1626 446 1695 (166113,
487 1626 718 1678 eunuchi
759 1626 934 1678 scelus
975 1629 1068 1678 est.
1147 1624 1411 1693 Exempla
1453 1627 1702 1676 creantur

121 1700 269 1764 Quae
310 1701 452 1752 socci
493 1704 746 1769 superent
786 1701 927 1752 risus
967 1700 1253 1767 luctusque
1295 1699 1559 1751 cothurni.

236 1773 408 1838 Quam
447 1775 671 1843 pulcher
711 1778 1030 1844 conspectus
1072 1778 1201 1844 erat,
1243 1791 1364 1826 cum
1402 1773 1645 1825 tenderet
1678 1775 1829 1824 artus

123 1849 415 1919 Exangues
457 1854 712 1902 onerante
752 1853 882 1920 toga
922 1849 1208 1917 cinctuque
1248 1852 1504 1919 gravatus
1744 1861 1829 1900 301

124 1921 429 1990 Indutoque
470 1941 631 1976 senex
671 1924 988 1976 obscaenior
1025 1923 1128 1975 iret
1167 1923 1226 1975 in
1265 1941 1418 1975 auro:

125 1997 365 2049 Humani
406 1997 580 2064 qualis
622 1998 905 2050 simulator
946 1998 1134 2050 simius
1177 1997 1307 2065 oriS‚

127 2071 298 2133 Quem
336 2089 470 2139 puer
510 2070 756 2123 adridens
796 2072 1035 2140 pretioso
1078 2071 1306 2123 stamine
1347 2070 1538 2123 Serum

125 2144 343 2197 Velavit
382 2144 660 2213 nudasque
699 2150 852 2197 nates
893 2163 954 2197 ac
992 2149 1145 2215 terga
1185 2144 1427 2214 reliquit,
1745 2158 1832 2198 305

127 2219 447 2272 Ludibrium
486 2220 708 2289 mensis3
749 2223 925 2272 erecto
965 2223 1180 2288 pectore
1222 2219 1368 2270 dives

130 2293 392 2347 Ambulat
432 2297 486 2345 et
527 2294 670 2346 claro
713 2312 826 2346 sese
867 2293 1132 2346 deformat
1172 2292 1384 2344 amictu

132 2367 368 2419 Candida
407 2368 650 2436 pollutos
692 2368 982 2420 comitatur
1021 2367 1167 2420 curia
1207 2367 1401 2436 fasceS‚

128 2441 384 2494 Forsitan
423 2446 475 2494 et
516 2442 777 2495 dominus,
855 2442 1085 2494 Praebet
1124 2441 1382 2493 miracula
1422 2440 1582 2493 lictor

131 2515 364 2568 Consule
403 2516 640 2569 nobilior
678 2517 1092 2585 libertatemque
1133 2516 1377 2584 (1313111113,
1746 2529 1832 2569 310

132 2589 305 2653 Quam
342 2590 570 2643 necdum
608 2591 818 2644 meruit.
899 2591 1118 2644 Scandit
1161 2590 1388 2642 sublime
1430 2589 1671 2642 tribunal

131 2662 315 2731 Atque
353 2664 495 2716 inter
532 2666 780 2734 proprias
819 2666 1004 2718 laudes
1044 2664 1315 2735 Aegyptia
1354 2664 1518 2716 iactat

134 2736 355 2791 Somnia
393 2743 803 2808 prostratosque
845 2741 987 2792 canit
1029 2758 1083 2791 se
1123 2742 1245 2790 vate
1285 2742 1559 2807 tyrannos.

135 2810 353 2864 Scilicet
391 2812 450 2864 in
489 2813 652 2866 dubio
691 2814 886 2867 vindex
924 2814 1149 2866 Bellona
1189 2813 1463 2883 pependit,

256 2977 341 3017 281
375 2975 508 3033 quin]
541 2977 704 3033 scripsi
712 2994 730 3032 ;
761 2975 888 3031 quid.
