2044 3220
136 134 335 193 (XXIV.)
367 134 447 178 DE
481 133 728 179 OONSVL.
764 134 1140 179 STILICHOle
1172 135 1354 179 LIBER
1385 135 1658 182 TERTIVS.
1726 137 1832 190 167

133 270 399 339 Prospera
436 289 548 323 non
586 270 743 322 fessis
785 273 1042 339 optantur
1081 271 1298 323 flamina
1336 272 1518 324 nautis
1529 317 1542 342 >

133 344 209 397 Vt
249 348 376 396 tuus
418 345 700 413 adspectus
740 344 958 412 populo,
1024 344 1168 407 Quae
1206 346 1425 397 numine
1466 350 1620 399 tanto

130 418 318 471 Litora
358 419 604 471 fatidicas
645 419 905 470 attollunt
943 418 1099 470 Delia
1140 419 1323 471 laurus
1333 464 1346 489 7

130 491 362 545 Venturi
403 493 651 561 quotiens
691 492 913 544 adfulsit
952 491 1225 561 Apollinis
1266 495 1457 546 arcus?
1775 512 1834 550 60

133 565 279 629 Quae
320 567 396 619 sio
435 566 666 619 aurifero
706 566 917 618 Pactoli
957 566 1106 618 fonte
1147 568 1398 619 tumescit

129 640 323 711 Lydia,
363 660 484 694 oum
525 640 742 693 domitis
783 640 1029 709 adparuit
1069 640 1281 692 Euhius
1321 640 1505 694 Indis?

128 714 325 768 Nonne
364 715 510 768 vides
551 718 604 767 et
642 715 799 784 plebe
838 715 952 766 vias
994 718 1046 766 et
1085 718 1228 767 tecta
1267 715 1433 768 latere

129 788 435 841 Matribus‘?
496 789 621 859 His,
662 788 913 859 Stilicho,
954 789 1160 841 eunetis
1200 789 1421 858 inopina
1460 792 1657 844 reluxit

129 862 203 915 Te
243 864 445 916 victore
486 864 653 915 salus!
719 862 936 932 Septem
976 863 1322 931 circumspice
1362 869 1597 935 montes7
1774 881 1829 919 65

128 936 232 999 Qui
273 938 403 990 solis
443 938 621 989 radios
663 938 779 989 auri
819 938 1031 1008 fulgore
1071 938 1365 1009 lacessunt7

124 1009 458 1080 Indutosque
498 1030 666 1064 areusv
693 1012 881 1080 spoliis
922 1016 1254 1080 aequataque
1295 1014 1495 1082 templa

124 1084 380 1138 Nubibus
420 1090 472 1138 et
514 1086 774 1154 quidquid
812 1087 952 1138 tanti
993 1090 1234 1139 struxere
1274 1087 1549 1156 triumphi.

126 1158 400 1222 Quantum
438 1161 706 1229 profueris
716 1204 730 1230 7
771 1164 1028 1228 quantam
1070 1161 1363 1213 servaveris
1403 1162 1614 1232 urbem,

123 1233 393 1287 Attonitis
432 1235 622 1287 metire
663 1235 846 1287 oeulis
910 1235 1058 1286 Haeo
1097 1235 1282 1286 fabula
1323 1239 1463 1288 certe
1772 1251 1828 1290 70

127 1307 333 1360 Cuncta
372 1308 573 1378 forent,
615 1309 660 1360 si
698 1309 912 1361 Poenus
954 1309 1126 1360 adhue
1164 1309 1498 1362 incumberet
1538 1309 1757 1363 Austro,

236 1381 357 1435 Mos
398 1386 512 1435 erat
550 1384 609 1434 in
645 1386 888 1435 veterum
929 1383 1141 1452 eastris7
1181 1387 1241 1435 ut
1281 1387 1525 1453 tempora
1567 1403 1766 1453 quercu

122 1455 365 1527 Velaret‚
404 1457 596 1509 validis
637 1457 758 1509 fuso
802 1457 894 1525 qui
933 1457 1138 1509 viribus
1178 1457 1335 1510 hoste

124 1530 388 1583 Casurum
426 1532 606 1599 potuit
646 1531 810 1583 morti
851 1532 1143 1583 subducere
1185 1532 1367 1585 civem.

121 1603 198 1656 At
238 1605 341 1657 tibi
382 1624 516 1673 quae
555 1605 756 1674 poterit
795 1624 894 1674 pro
935 1606 1103 1657 tantis
1145 1606 1311 1658 civica
1347 1607 1496 1659 reddi
1770 1623 1825 1661 75

120 1678 448 1731 Moenibus?
489 1683 581 1731 aut
624 1682 854 1747 quantae
894 1680 1200 1748 pensabunt
1240 1681 1383 1733 faeta
1425 1683 1688 1735 coronae?

120 1752 236 1806 Neo
277 1754 448 1806 solam
486 1754 675 1822 populi
713 1754 882 1805 vitam
922 1754 1111 1806 debere
1151 1754 1354 1807 fatetur

120 1826 304 1879 Armis
343 1827 518 1879 Roma
556 1828 688 1897 tuis3
730 1829 842 1898 sed⁷
883 1846 989 1896 quo
1029 1829 1313 1881 iucundior
1353 1834 1493 1883 esset

119 1901 282 1953 Lucis
321 1901 616 1953 honoratae
655 1902 886 1971 fruetus,
925 1903 1229 1955 venerabile
1269 1904 1441 1956 famae

120 1975 340 2028 Pondus
381 1979 433 2027 et
474 1976 697 2027 amissas
737 1977 876 2027 vires
918 1980 970 2027 et
1010 1995 1175 2046 regna
1214 1979 1428 2045 recepit.
1766 1995 1825 2033 80

120 2048 238 2101 Iam
275 2068 387 2102 non
425 2049 748 2118 praetumidi
788 2050 1015 2118 supplex
1056 2049 1291 2102 Orientis
1331 2052 1636 2120 ademptam

120 2124 340 2194 Legatis
379 2124 555 2192 poscit
594 2123 823 2192 Libyam
862 2123 1161 2176 famulosve
1200 2129 1452 2192 precatur

121 2197 311 2268 (Diotu
350 2196 532 2268 turpe)
574 2216 721 2250 suos:
764 2197 855 2249 sed
894 2197 1087 2249 robore
1128 2198 1265 2250 freta
1307 2197 1517 2251 Gabino

120 2272 196 2324 Te
236 2272 367 2324 duce
406 2272 650 2324 Romana
689 2272 905 2323 tandem
946 2290 1000 2323 se
1040 2272 1276 2324 vindieat
1315 2273 1408 2325 ira.

119 2345 246 2415 Ipsa
283 2346 434 2398 iubet
475 2346 644 2417 signis
684 2346 1059 2414 bellaturoque
1099 2349 1319 2417 togatus
1763 2363 1821 2403 85

119 2419 357 2489 Imperat
398 2423 450 2472 et
492 2424 736 2488 spectant
777 2421 988 2489 aquilae
1029 2420 1239 2473 decreta
1281 2426 1511 2474 senatus

120 2493 245 2562 Ipsa
283 2494 387 2547 tibi
425 2495 639 2547 trabeas
678 2495 824 2547 ultro
867 2495 1033 2564 dedit,
1071 2495 1188 2564 ipsa
1230 2496 1468 2547 curulem

122 2567 336 2621 Obtulit
373 2569 541 2621 ultori
580 2570 858 2637 fastosque
900 2587 1088 2621 ornare
1129 2570 1319 2640 coegit.

233 2641 330 2695 Nil
366 2643 542 2710 perdit
583 2643 788 2695 decoris
827 2644 991 2712 prisci
1029 2662 1127 2695 neo
1166 2643 1337 2695 libera
1378 2645 1586 2712 quaerit

122 2715 367 2785 Saecula,
410 2734 531 2769 oum
571 2717 732 2770 donet
771 2718 965 2786 faseeS‚
1006 2736 1126 2769 oum
1164 2717 1369 2785 proelia
1408 2719 1646 2790 mandet3
1762 2735 1818 2774 90

123 2788 296 2858 Seque
336 2790 498 2842 etiam
538 2792 766 2844 crevisse
805 2792 963 2843 videt.
1029 2790 1159 2853 Quis
1202 2790 1407 2844 Gallica
1446 2812 1593 2862 rura,

122 2862 254 2925 Quis
293 2864 536 2916 meminit
574 2865 731 2917 Latio
773 2865 1046 2918 Senonum
1087 2865 1312 2917 servisse
1351 2866 1598 2937 ligones?

121 2936 235 2988 Aut
256 2938 472 3005 ‘quibus
512 2940 769 3008 exemplis
809 2940 1035 2992 fecunda
1075 2939 1308 3008 Thybris
1348 2940 1415 2992 ab
1455 2940 1622 2993 Arcto
