2044 3220
193 108 302 159 104
726 104 970 150 CLAVDH
1001 105 1335 151 CLAVDIANI

754 316 1329 376 PANEGYRICVS.

969 443 1109 498 (vn.)

310 533 491 585 Tertia
531 532 780 584 Romulei
821 537 1033 584 sumant
1072 533 1287 584 exordia
1328 533 1498 584 fasces

197 607 404 674 Terque
443 610 564 658 tuas
605 606 762 657 ducat
800 606 1051 658 bellatrix
1090 624 1286 675 pompa
1326 607 1556 675 curules3

196 680 240 732 F
245 680 412 733 estior
451 698 621 732 annus
662 683 746 731 eat
788 680 1099 746 cinctusque
1139 679 1350 732 imitata
1391 679 1630 732 Gabinos

197 754 362 806 Dives
401 753 704 822 Hydaspeis
745 756 996 822 augescat
1034 771 1270 820 purpura
1309 753 1558 823 gemmis3

201 826 497 880 Succedant
539 826 701 878 armis
741 826 977 894 trabeae,
1016 826 1249 877 tentoria
1287 827 1447 878 lictor

199 900 423 953 Ambiat
463 904 514 951 et
552 899 738 951 Latiae
778 899 995 950 redeant
1035 899 1101 950 ad
1141 900 1296 970 signa
1336 918 1567 968 secureS,

199 974 386 1042 Tuque
428 992 457 1025 o
500 973 591 1041 qui
630 973 866 1041 patrium
908 973 1048 1024 curis
1089 973 1403 1041 aequalibus
1444 973 1627 1024 orbem

197 1048 316 1100 Eoo
359 1066 478 1099 cum
517 1047 682 1097 fratre
721 1046 887 1116 regis,
926 1047 1150 1114 procede
1193 1046 1437 1098 secundis

197 1121 440 1173 Alitibus
479 1119 792 1186 Phoebique
830 1138 1000 1171 novos
1041 1119 1215 1171 ordire
1254 1123 1483 1188 meatUS‚

205 1194 337 1263 Spes
376 1197 667 1260 votumque
706 1192 842 1261 poli,
883 1211 1040 1259 quem
1078 1193 1252 1261 primo
1294 1212 1323 1244 a
1362 1193 1548 1244 limine
1586 1192 1730 1244 vitae

198 1267 401 1319 Nutrix
441 1266 562 1317 aula
601 1266 770 1334 fovet,
810 1266 1013 1317 strictis
1055 1284 1211 1333 quem
1249 1266 1458 1336 fulgida
1495 1266 1619 1318 telis

200 1340 349 1393 Inter
388 1340 687 1410 laurigeros
728 1340 974 1391 aluerunt
1015 1344 1189 1391 castra
1228 1339 1545 1408 triumphos,

197 1414 382 1466 Ardua
422 1413 661 1481 privatos
699 1413 872 1464 nescit
911 1412 1149 1465 Fortuna
1188 1417 1408 1481 penates

199 1488 274 1539 Et
313 1505 537 1556 regnum
578 1505 697 1538 cum
736 1487 852 1538 luce
894 1487 1050 1538 dedit.
1131 1486 1373 1557 Cognata
1409 1490 1650 1555 potestas

199 1561 429 1628 Excepit
469 1560 632 1628 Tyrio
672 1560 975 1612 venerabile
1013 1561 1211 1630 pignus
1252 1561 1310 1612 in
1350 1564 1496 1612 ostro

200 1633 583 1700 Lustravitque
622 1637 745 1684 tuos
786 1634 982 1700 aquilis
1022 1634 1336 1684 victricibus
1378 1637 1526 1685 ortus

200 1707 361 1760 Miles
402 1710 454 1758 et
494 1706 550 1757 in
589 1706 780 1757 mediis
822 1706 1085 1757 cunabula
1124 1707 1373 1774 praebuit
1413 1706 1599 1758 hastis,

203 1781 278 1833 Te
316 1783 566 1831 nascente
606 1780 756 1831 ferox
796 1783 912 1830 toto
955 1779 1240 1831 Germania
1279 1780 1467 1831 Rheno

202 1853 490 1906 Intremuit
530 1853 805 1920 movitque
846 1871 968 1904 suas
1008 1853 1293 1904 formidine
1334 1853 1497 1905 silva-s
1541 1912 1544 1914 v

206 1926 473 1979 Caucasus
514 1930 565 1977 et
604 1926 799 1994 positis
837 1945 1036 1978 numen
1075 1927 1318 1978 confessa
1356 1926 1623 1995 pharetris

203 2000 433 2071 Ignavas
473 1999 652 2051 Meroe
691 1999 858 2050 traxit
899 1999 961 2051 de
1002 2000 1145 2051 crine
1186 2000 1427 2070 sagittas,

202 2073 451 2142 Heptasti
490 2092 584 2141 per
625 2077 774 2124 scuta
813 2092 966 2142 puer,
1005 2092 1295 2144 regumque
1335 2071 1572 2125 recentes

205 2147 447 2199 Exuviae
486 2147 590 2198 tibi
628 2147 786 2198 ludus
828 2151 1000 2216 erant,
1038 2147 1350 2215 primusque
1390 2147 1600 2199 solebas

203 2222 410 2289 Aspera
451 2220 734 2288 complecti
773 2224 987 2272 torvum
1025 2225 1149 2289 post
1187 2221 1392 2289 proelia
1430 2224 1658 2288 patrem,

208 2294 373 2365 Signa
412 2293 744 2362 triumphato
787 2294 1035 2361 quotiens
1073 2295 1311 2346 flexisset
1351 2294 1418 2345 ab
1457 2293 1647 2346 Histro

204 2368 405 2419 Arctoa
447 2367 509 2419 de
549 2371 728 2437 strage
769 2367 966 2436 calenS‚
1007 2371 1059 2419 et
1097 2386 1315 2436 poscere
1354 2371 1560 2435 partem

205 2442 286 2493 De
327 2441 537 2508 spoliis,
580 2439 861 2508 Scythicos
901 2458 1054 2491 arcus
1095 2445 1187 2492 aut
1226 2445 1378 2508 rapta
1419 2439 1637 2492 Gelonis

212 2514 439 2583 Cingula
478 2514 563 2564 vel
603 2514 835 2565 iaculum
874 2513 1008 2565 Daci
1046 2514 1131 2565 vel
1170 2514 1317 2565 frena
1359 2512 1534 2565 Suebi.

205 2586 303 2638 Ille
345 2587 646 2638 coruscanti
687 2587 855 2655 clipeo
896 2590 949 2638 te
990 2605 1143 2655 saepe
1182 2587 1450 2638 volentem

208 2659 440 2712 Sustulit
480 2659 722 2711 adridens
763 2663 815 2711 et
853 2664 1067 2727 pectore
1106 2660 1301 2727 pressit
1342 2660 1531 2711 anhelo

206 2732 538 2800 Intrepidum
578 2733 704 2784 ferri
743 2733 926 2802 galeae
964 2751 1061 2784 nec
1099 2733 1253 2784 triste
1292 2733 1569 2785 timentem

207 2805 414 2876 Fulgur
454 2810 505 2856 et
546 2806 611 2855 ad
652 2824 885 2857 summas
923 2806 1226 2858 tendentem
1265 2806 1483 2857 brachia
1524 2805 1726 2856 cristas

209 2879 347 2930 Tum
387 2878 462 2929 sic
500 2878 672 2930 laetus
713 2879 809 2930 ait:
850 2879 983 2930 ‘Rex
1025 2897 1054 2930 o
1096 2879 1361 2931 stellantis
1403 2878 1639 2946 Olympi,

1831 1205 1885 1245 10

1835 1573 1887 1612 15

1832 1940 1889 1979 20

1833 2307 1889 2346 25

1832 2672 1889 2712 30
