2044 3220
158 115 266 168 130
700 111 943 157 CLAVDII
974 110 1303 156 CLAVDIANI

715 308 1296 368 PANEGYRICVS.

910 421 1097 478 (xvii.)

268 512 394 582 Ipsa
435 512 648 581 quidem
686 512 877 565 Virtus
915 513 1148 581 pretium
1190 513 1308 581 81111,
1350 512 1569 581 solaque
1607 513 1716 565 late

152 587 425 640 Fortunae
466 605 651 638 secura
688 587 826 639 nitet
864 604 962 638 nec
1000 587 1238 638 fascibus
1278 586 1405 638 ullis

153 662 402 733 Erigitur
440 661 699 730 plausuve
739 661 877 730 petit
918 661 1204 712 clarescere
1243 661 1408 730 vulgi.

154 735 251 788 Nil
293 736 410 804 opis
451 739 699 787 externae
739 735 973 804 cupiens,
1011 735 1090 786 nil
1128 735 1312 805 indiga
1351 734 1541 805 laudiS‚

154 810 376 862 Divitiis
417 810 657 861 animosa
699 810 809 860 suis
848 809 1159 876 inmotaque
1201 808 1406 860 cunctis
1821 824 1849 864 5

156 884 383 938 Casibus
424 902 487 935 ex
527 883 637 935 alta
675 883 925 935 mortalia
967 883 1191 951 despicit
1231 901 1362 935 3100.

150 958 411 1011 Attamen
447 958 674 1010 invitam
712 957 906 1009 blande
946 957 1180 1027 vestigat
1220 961 1271 1008 et
1311 957 1455 1008 ultro

152 1032 342 1085 Ambit
381 1031 593 1084 Honor:
635 1031 816 1082 docuit
854 1031 1054 1082 totiens
1096 1031 1162 1082 ad
1200 1049 1325 1082 rura
1363 1030 1637 1099 profectus

151 1108 337 1159 Lictor
378 1109 430 1157 et
468 1106 527 1157 in
564 1105 753 1156 mediis
795 1105 982 1156 consul
1023 1105 1297 1173 quaesitus
1338 1105 1544 1157 aratris,

156 1181 229 1233 Te
272 1198 484 1249 quoque
522 1182 747 1231 naturae
788 1179 953 1230 sacris
991 1179 1282 1247 mundique
1321 1182 1614 1249 vacantem,
1794 1195 1849 1235 10

151 1255 455 1307 Emeritum
494 1253 701 1322 pridem
741 1253 1118 1320 desudatisque
1159 1256 1423 1305 remotum

150 1328 370 1381 Iudiciis
411 1328 593 1380 eadem
631 1344 847 1379 rursum
888 1327 1164 1395 complexa
1202 1331 1445 1395 potestas

149 1403 348 1455 Evehit
390 1406 441 1454 et
481 1401 727 1454 reducem
765 1401 910 1453 notis
949 1401 1180 1469 imponit
1219 1401 1457 1453 habenis

149 1478 428 1529 Accedunt
467 1476 705 1528 trabeae:
744 1476 823 1527 nil
861 1476 984 1545 iam,
1025 1475 1315 1545 Theodore‚
1355 1475 1616 1546 relictum,

153 1550 268 1613 Quo
309 1552 482 1603 virtus
523 1551 701 1602 animo
743 1554 945 1602 crescat
984 1550 1069 1601 vel
1110 1550 1362 1618 splendor
1400 1549 1605 1602 honori.
1792 1565 1846 1605 15

152 1624 376 1677 Culmen
413 1628 702 1692 utrumque
740 1628 904 1676 tenes,

975 1696 1159 1748 Talem
1198 1701 1251 1749 te
1290 1697 1539 1764 protinus
1581 1699 1706 1750 anni

146 1772 467 1825 Formavere
506 1771 679 1840 rudes7
719 1774 772 1822 et
812 1771 1033 1841 dignum
1072 1771 1183 1822 vita
1223 1771 1395 1822 curuli

150 1846 360 1900 Struxit
398 1847 501 1898 iter
539 1846 847 1914 primaeque
889 1862 1040 1896 senes
1081 1863 1283 1897 cessere
1321 1845 1581 1898 iuventae.

147 1919 262 1973 Iam
302 1924 418 1972 tum
459 1920 679 1971 canities
720 1919 898 1988 animi,
937 1920 1044 1970 iam
1086 1919 1236 1970 dulce
1276 1919 1530 1987 loquendi

148 1994 367 2047 Pondus
409 1997 461 2045 et
501 1994 761 2045 attonitas
803 2011 975 2044 sermo
1019 1993 1110 2061 qui
1153 1993 1366 2045 duceret
1406 2011 1574 2046 aures.
1786 2009 1846 2049 20

147 2068 276 2121 Mox
314 2068 514 2121 undare
554 2068 672 2120 foro
712 2067 906 2119 victrix
948 2067 1223 2135 opulentia
1261 2067 1477 2138 linguae

148 2142 440 2210 Tutarique
481 2160 614 2194 reos,
692 2140 818 2210 Ipsa
856 2141 987 2193 11300
1027 2141 1359 2210 amplissima
1400 2140 1548 2193 sedes

150 2216 404 2269 Orantem
445 2216 668 2285 stupuit,
707 2215 792 2267 bis
832 2215 1114 2267 laudatura
1154 2219 1441 2286 regentem.

148 2290 290 2343 Hinc
328 2295 381 2343 te
420 2308 546 2359 pars
584 2290 786 2358 Libyae
825 2289 1191 2342 moderantem
1229 2290 1347 2341 iura
1385 2289 1650 2359 probavit,

150 2363 292 2426 Quae
331 2382 474 2416 nunc
512 2367 630 2415 tota
667 2363 886 2432 probat3
925 2363 1076 2433 longi
1117 2363 1209 2414 sed
1245 2364 1443 2433 pignus
1483 2364 1681 2415 amoris
1780 2378 1840 2416 25

146 2438 390 2509 Exiguae
430 2455 679 2506 peperere
718 2454 899 2489 morae
937 2436 1304 2504 populumque
1345 2437 1591 2488 clientem

145 2511 369 2564 Publica
409 2512 676 2564 mansuris
715 2513 984 2563 testantur
1022 2510 1244 2562 vocibus
1284 2528 1419 2562 aera.

146 2584 275 2637 Inde
315 2586 415 2637 tibi
455 2585 725 2638 Macetum
764 2584 926 2637 tellus
968 2587 1020 2636 et
1060 2583 1258 2636 credita
1296 2583 1477 2636 Pellae

146 2658 376 2729 Moenia,
418 2678 550 2727 quae
591 2659 826 2711 famulus
867 2657 1136 2727 quondam
1176 2658 1366 2709 ditavit
1405 2656 1709 2728 Hydaspes3

146 2732 422 2801 Tantaque
464 2734 776 2785 commissae
815 2732 1079 2784 revoc-asti
1119 2731 1313 2803 gaudia
1351 2731 1499 2802 genti
1779 2747 1840 2786 30

272 2868 297 2907 8
332 2863 392 2906 ad
424 2863 551 2921 rura]
587 2877 614 2906 a
645 2876 763 2907 rure.
921 2868 975 2907 15
1007 2862 1193 2921 honori]
1219 2863 1427 2919 11111138,-
1458 2863 1644 2908 honore.

271 2928 324 2967 18
360 2921 557 2980 struxit]
592 2936 694 2981 6905
726 2922 881 2967 traxit.
