2085 3215
152 89 220 141 18
689 84 933 128 CLAVDH
965 82 1296 128 CLAVDIANI

152 222 292 285 Quid
332 222 439 274 tale
478 221 718 272 inmanes
757 237 1014 288 umquam
1054 218 1286 290 gessisse
1325 218 1574 270 feruntur

148 296 253 348 Vel
293 295 436 348 Sinis
475 293 766 345 Isthmiaca
803 293 937 361 pinu
974 293 1060 345 vel
1098 311 1229 361 rupe
1267 292 1536 360 profunda

152 369 343 423 Sciron
381 368 467 420 vel
504 366 751 418 Phalaris
789 370 946 419 tauro
987 366 1073 419 vel
1115 383 1321 418 carcere
1362 364 1550 433 Sylla?

150 442 194 495 Ο
234 443 392 495 mites
431 440 708 493 Diomedis
749 441 892 509 equi!
949 440 1214 492 Busiridis
1255 457 1377 490 arae

152 516 475 568 Clementes!
537 513 653 567 Iam
695 513 864 567 Cinna
902 514 1046 584 piuS‚
1086 514 1192 566 iam
1234 512 1488 581 Spartace
1529 512 1709 584 segnis
1761 525 1847 565 255

147 589 347 642 Rufino
390 588 619 641 collatus
659 588 784 640 eris!

848 662 1127 714 Deiecerat
1168 679 1351 714 omnes

151 734 390 789 Occultis
432 735 567 788 odiis
606 739 781 787 terror
819 736 1078 803 tacitique
1119 735 1359 803 sepultos

151 809 438 879 Suspirant
477 809 711 890 gemitus
730 808 1127 892 'indignarique
1165 812 1430 861 verentur.

148 883 225 935 At
264 901 376 936 non
413 883 744 953 magnanimi
782 882 955 933 virtus
997 881 1312 934 Stilichonis
1353 882 1539 934 eodem

148 957 345 1010 Fracta
383 960 554 1025 metu3
597 956 744 1007 solus
783 955 958 1007 medio
1001 955 1094 1006 sed
1131 955 1348 1006 turbine
1388 973 1567 1007 rerum
1763 957 1861 1007 260

152 1030 354 1083 Contra
393 1029 634 1081 letiferos
674 1029 842 1081 rictus
884 1032 1177 1096 contraque
1217 1047 1464 1097 rapacem

148 1103 323 1157 Movit
363 1103 471 1155 tela
510 1103 694 1171 feram,
733 1102 969 1154 volucris
1007 1120 1120 1154 non
1157 1106 1408 1171 praepete
1450 1120 1611 1154 cursu

147 1177 353 1229 Vectus
394 1176 539 1246 equi,
577 1194 689 1228 non
726 1176 979 1247 Pegaseis
1020 1176 1235 1228 adiutus
1275 1176 1515 1228 habenis,

148 1250 256 1303 Hic
297 1251 503 1302 cunctis
545 1253 731 1318 optata
773 1250 939 1319 quies7
978 1249 1066 1301 hic
1107 1250 1222 1302 sola
1260 1249 1449 1318 pericli

151 1324 338 1376 Turris
380 1327 494 1376 erat
536 1323 844 1392 clipeusque
883 1326 1090 1376 trucem
1127 1327 1408 1392 porrectus
1446 1323 1505 1376 in
1543 1323 1772 1393 hostem,

149 1397 255 1450 Hic
293 1397 541 1468 profugis
583 1397 733 1449 sedes
774 1396 1101 1466 adversaque
1142 1396 1297 1468 signa
1336 1397 1524 1467 furori,
1767 1409 1851 1449 266

152 1470 439 1525 Servandis
479 1471 567 1522 hic
607 1474 782 1523 castra
820 1471 993 1523 bonis

1046 1543 1341 1613 Hucusque
1380 1544 1617 1596 minatus

150 1617 425 1670 Haerebat
465 1621 717 1685 retroque
757 1618 888 1688 fuga
929 1618 1149 1670 cedebat
1188 1618 1370 1670 inerti:

152 1691 316 1744 Haud
356 1709 508 1743 secus
547 1691 774 1743 hiberno
813 1691 1054 1743 tumidus
1096 1710 1217 1743 cum
1255 1692 1452 1743 vertice
1491 1694 1704 1743 torrens

153 1763 295 1817 Saxa
334 1767 480 1816 rotat
517 1764 795 1832 volvitque
833 1783 1023 1816 nemus
1062 1768 1361 1833 pontesque
1400 1764 1628 1834 revellit,
1765 1777 1853 1817 270

152 1837 447 1909 Frangitur
488 1837 702 1889 obiectu
742 1838 949 1907 scopuli
991 1857 1356 1907 quaerensque
1395 1841 1632 1890 meatum

157 1910 384 1980 Spumat
425 1914 477 1963 et
516 1911 677 1963 inlisa
715 1915 955 1964 montem
997 1911 1353 1964 circumtonat
1392 1912 1548 1964 unda.

269 1984 384 2048 Qua
425 1984 647 2055 dignum
685 1988 739 2036 te
778 1985 934 2036 laude
974 1986 1165 2055 feram,
1207 1986 1299 2054 qui
1337 2003 1504 2054 paene
1542 1985 1721 2038 ruenti

153 2058 505 2127 Lapsuroque
545 2062 670 2110 tuos
709 2077 923 2110 umeros
967 2059 1225 2111 obieceris
1267 2059 1422 2112 orbi‘?

155 2132 230 2184 Te
268 2132 428 2184 nobis
468 2131 706 2200 trepidae
748 2132 895 2184 sidus
937 2151 1032 2185 ceu
1072 2133 1225 2185 dulce
1265 2133 1475 2185 carinae
1767 2145 1853 2185 275

157 2204 449 2257 Ostendere
491 2205 595 2275 (161,
635 2205 863 2276 geminis
905 2225 1040 2274 quae
1079 2207 1222 2259 lassa
1260 2206 1512 2276 procellis

156 2279 423 2331 Tunditur
463 2282 516 2330 et
554 2279 698 2331 victo
738 2279 974 2331 trahitur
1014 2280 1122 2332 iam
1163 2299 1316 2333 caeca
1354 2280 1631 2350 magistro.

156 2351 408 2405 Inachius
447 2352 636 2404 Rubro
675 2353 991 2421 perhibetur
1028 2354 1087 2406 in
1125 2372 1355 2422 aequore
1393 2353 1620 2405 Perseus

156 2424 399 2494 Neptuni
440 2426 709 2478 domuisse
747 2445 932 2497 pecuS,
974 2428 1066 2479 sed
1104 2428 1276 2479 tutior
1315 2428 1437 2479 alis:

160 2499 233 2550 Te
271 2517 382 2551 11011
418 2517 593 2582 penna
631 2499 801 2570 vehit3
840 2470 1015 2571 rigida
1056 2519 1176 2553 cum
1218 2500 1469 2572 Gorgone
1507 2499 1757 2552 Perseus:

159 2571 241 2623 Tu
279 2591 389 2624 non
427 2573 640 2642 vipereo
682 2574 929 2626 defensus
971 2574 1115 2627 crine
1152 2574 1429 2644 Medusae,
1766 2587 1851 2627 281

158 2644 322 2697 Illum
360 2646 483 2698 vilis
524 2665 674 2699 amor
715 2666 1003 2716 suspensae
1042 2648 1269 2719 virginis
1311 2648 1443 2719 egit:

161 2718 235 2771 Te
274 2719 517 2771 Romana
558 2721 716 2773 salus,
795 2721 990 2774 Taceat
1030 2726 1280 2790 superata
1318 2725 1575 2792 vetustaS,

159 2791 455 2844 Herculeos
497 2795 735 2846 conferre
775 2796 884 2846 tuis
923 2796 1031 2848 iam
1071 2796 1278 2848 desinat
1318 2799 1485 2848 actus,

159 2863 284 2920 Vna
325 2865 646 2920 Cleonaeum
684 2869 939 2937 pascebat
979 2869 1115 2922 silva
1152 2870 1384 2941 leonem3
1767 2881 1853 2920 285
