<?xml version="1.0" encoding="UTF-8"?>
<!DOCTYPE html PUBLIC "-//W3C//DTD XHTML 1.0 Transitional//EN"
    "http://www.w3.org/TR/xhtml1/DTD/xhtml1-transitional.dtd">
<html xmlns="http://www.w3.org/1999/xhtml" xml:lang="en" lang="en">
 <head>
  <title>
</title>
<meta http-equiv="Content-Type" content="text/html;charset=utf-8" />
  <meta name='ocr-system' content='tesseract 3.04.00' />
  <meta name='ocr-capabilities' content='ocr_page ocr_carea ocr_par ocr_line ocrx_word'/>
</head>
<body>
  <div class='ocr_page' id='page_1' title='image "./carmina00clauuoft_0108.png"; bbox 0 0 2085 3215; ppageno 0'>
   <div class='ocr_carea' id='block_1_1' title="bbox 174 119 1327 170">
    <p class='ocr_par' dir='ltr' id='par_1_1' title="bbox 174 119 1327 170">
     <span class='ocr_line' id='line_1_1' title="bbox 174 119 1327 170; baseline 0.003 -9"><span class='ocrx_word' id='word_1_1' title='bbox 174 119 247 170; x_wconf 85' lang='lat'>40</span> <span class='ocrx_word' id='word_1_2' title='bbox 718 119 962 163; x_wconf 87' lang='lat' dir='ltr'>CLAVDII</span> <span class='ocrx_word' id='word_1_3' title='bbox 995 119 1327 164; x_wconf 75' lang='lat' dir='ltr'>CLAVDIANI</span> 
     </span>
    </p>
   </div>
   <div class='ocr_carea' id='block_1_2' title="bbox 165 253 1866 2975">
    <p class='ocr_par' dir='ltr' id='par_1_2' title="bbox 175 253 1864 473">
     <span class='ocr_line' id='line_1_2' title="bbox 180 253 1864 323; baseline 0.005 -17"><span class='ocrx_word' id='word_1_4' title='bbox 180 253 399 322; x_wconf 81' lang='lat' dir='ltr'>Semper</span> <span class='ocrx_word' id='word_1_5' title='bbox 438 254 610 323; x_wconf 79' lang='lat' dir='ltr'>inopS‚</span> <span class='ocrx_word' id='word_1_6' title='bbox 650 254 902 321; x_wconf 87' lang='lat' dir='ltr'>ventique</span> <span class='ocrx_word' id='word_1_7' title='bbox 941 255 1100 306; x_wconf 90' lang='lat' dir='ltr'>fidem</span> <span class='ocrx_word' id='word_1_8' title='bbox 1139 256 1394 323; x_wconf 88' lang='lat' dir='ltr'>poscebat</span> <span class='ocrx_word' id='word_1_9' title='bbox 1435 260 1486 309; x_wconf 92' lang='lat' dir='ltr'>et</span> <span class='ocrx_word' id='word_1_10' title='bbox 1527 258 1665 310; x_wconf 85' lang='lat' dir='ltr'>anni.</span> <span class='ocrx_word' id='word_1_11' title='bbox 1809 274 1864 314; x_wconf 83' lang='lat'>65</span> 
     </span>
     <span class='ocr_line' id='line_1_3' title="bbox 176 326 1747 396; baseline 0.004 -18"><span class='ocrx_word' id='word_1_12' title='bbox 176 326 331 379; x_wconf 88' lang='lat' dir='ltr'>Hanc</span> <span class='ocrx_word' id='word_1_13' title='bbox 374 346 585 395; x_wconf 89' lang='lat' dir='ltr'>quoque</span> <span class='ocrx_word' id='word_1_14' title='bbox 623 346 763 379; x_wconf 89' lang='lat' dir='ltr'>nunc</span> <span class='ocrx_word' id='word_1_15' title='bbox 807 327 964 380; x_wconf 86' lang='lat' dir='ltr'>Gildo</span> <span class='ocrx_word' id='word_1_16' title='bbox 1004 329 1183 396; x_wconf 89' lang='lat' dir='ltr'>rapuit</span> <span class='ocrx_word' id='word_1_17' title='bbox 1225 330 1323 381; x_wconf 93' lang='lat' dir='ltr'>sub</span> <span class='ocrx_word' id='word_1_18' title='bbox 1365 331 1469 382; x_wconf 90' lang='lat' dir='ltr'>fine</span> <span class='ocrx_word' id='word_1_19' title='bbox 1511 332 1747 385; x_wconf 88' lang='lat' dir='ltr'>cadentis</span> 
     </span>
     <span class='ocr_line' id='line_1_4' title="bbox 175 400 1455 473; baseline 0.003 -21"><span class='ocrx_word' id='word_1_20' title='bbox 175 400 452 453; x_wconf 85' lang='lat' dir='ltr'>Autumni.</span> <span class='ocrx_word' id='word_1_21' title='bbox 529 401 730 453; x_wconf 82' lang='lat' dir='ltr'>Pavido</span> <span class='ocrx_word' id='word_1_22' title='bbox 770 401 1022 453; x_wconf 88' lang='lat' dir='ltr'>metimur</span> <span class='ocrx_word' id='word_1_23' title='bbox 1062 403 1272 454; x_wconf 90' lang='lat' dir='ltr'>caerula</span> <span class='ocrx_word' id='word_1_24' title='bbox 1312 407 1455 473; x_wconf 78' lang='lat' dir='ltr'>vote,</span> 
     </span>
    </p>

    <p class='ocr_par' dir='ltr' id='par_1_3' title="bbox 174 474 1579 545">
     <span class='ocr_line' id='line_1_5' title="bbox 174 474 1579 545; baseline 0.004 -20"><span class='ocrx_word' id='word_1_25' title='bbox 174 474 378 542; x_wconf 89' lang='lat' dir='ltr'>Puppis</span> <span class='ocrx_word' id='word_1_26' title='bbox 420 474 464 526; x_wconf 91' lang='lat' dir='ltr'>si</span> <span class='ocrx_word' id='word_1_27' title='bbox 506 493 610 542; x_wconf 91' lang='lat' dir='ltr'>qua</span> <span class='ocrx_word' id='word_1_28' title='bbox 650 475 810 543; x_wconf 82' lang='lat' dir='ltr'>venit,</span> <span class='ocrx_word' id='word_1_29' title='bbox 852 475 896 527; x_wconf 89' lang='lat' dir='ltr'>si</span> <span class='ocrx_word' id='word_1_30' title='bbox 937 475 1064 543; x_wconf 90' lang='lat' dir='ltr'>quid</span> <span class='ocrx_word' id='word_1_31' title='bbox 1103 476 1331 528; x_wconf 85' lang='lat' dir='ltr'>fortasse</span> <span class='ocrx_word' id='word_1_32' title='bbox 1370 479 1579 545; x_wconf 91' lang='lat' dir='ltr'>potenti</span> 
     </span>
    </p>

    <p class='ocr_par' dir='ltr' id='par_1_4' title="bbox 173 547 1866 767">
     <span class='ocr_line' id='line_1_6' title="bbox 175 547 1641 620; baseline 0.004 -21"><span class='ocrx_word' id='word_1_33' title='bbox 175 547 279 599; x_wconf 90' lang='lat' dir='ltr'>Vel</span> <span class='ocrx_word' id='word_1_34' title='bbox 316 548 490 616; x_wconf 91' lang='lat' dir='ltr'>pudor</span> <span class='ocrx_word' id='word_1_35' title='bbox 529 549 755 601; x_wconf 79' lang='lat' dir='ltr'>extorsit</span> <span class='ocrx_word' id='word_1_36' title='bbox 796 549 1010 601; x_wconf 90' lang='lat' dir='ltr'>domino</span> <span class='ocrx_word' id='word_1_37' title='bbox 1050 550 1135 601; x_wconf 83' lang='lat' dir='ltr'>vel</span> <span class='ocrx_word' id='word_1_38' title='bbox 1174 550 1371 618; x_wconf 89' lang='lat' dir='ltr'>praeda</span> <span class='ocrx_word' id='word_1_39' title='bbox 1410 552 1641 620; x_wconf 86' lang='lat' dir='ltr'>reliquit.</span> 
     </span>
     <span class='ocr_line' id='line_1_7' title="bbox 173 620 1866 695; baseline 0.005 -22"><span class='ocrx_word' id='word_1_40' title='bbox 173 620 452 674; x_wconf 87' lang='lat' dir='ltr'>Pascimur</span> <span class='ocrx_word' id='word_1_41' title='bbox 491 622 715 674; x_wconf 88' lang='lat' dir='ltr'>arbitrio</span> <span class='ocrx_word' id='word_1_42' title='bbox 756 622 930 674; x_wconf 89' lang='lat' dir='ltr'>Mauri</span> <span class='ocrx_word' id='word_1_43' title='bbox 970 642 1068 675; x_wconf 90' lang='lat' dir='ltr'>nec</span> <span class='ocrx_word' id='word_1_44' title='bbox 1107 624 1286 676; x_wconf 91' lang='lat' dir='ltr'>debita</span> <span class='ocrx_word' id='word_1_45' title='bbox 1325 625 1487 695; x_wconf 75' lang='lat' dir='ltr'>reddi,</span> <span class='ocrx_word' id='word_1_46' title='bbox 1810 643 1866 682; x_wconf 77' lang='lat'>70</span> 
     </span>
     <span class='ocr_line' id='line_1_8' title="bbox 176 694 1477 767; baseline 0.003 -20"><span class='ocrx_word' id='word_1_47' title='bbox 176 694 278 747; x_wconf 90' lang='lat' dir='ltr'>Sed</span> <span class='ocrx_word' id='word_1_48' title='bbox 319 714 415 747; x_wconf 88' lang='lat' dir='ltr'>sua</span> <span class='ocrx_word' id='word_1_49' title='bbox 457 697 671 748; x_wconf 87' lang='lat' dir='ltr'>concedi</span> <span class='ocrx_word' id='word_1_50' title='bbox 711 696 875 748; x_wconf 87' lang='lat' dir='ltr'>iactat</span> <span class='ocrx_word' id='word_1_51' title='bbox 915 697 1218 767; x_wconf 73' lang='lat' dir='ltr'>gaudetque</span> <span class='ocrx_word' id='word_1_52' title='bbox 1259 698 1477 751; x_wconf 89' lang='lat' dir='ltr'>diurnos</span> 
     </span>
    </p>

    <p class='ocr_par' dir='ltr' id='par_1_5' title="bbox 173 768 1655 914">
     <span class='ocr_line' id='line_1_9' title="bbox 175 768 1655 842; baseline 0.004 -22"><span class='ocrx_word' id='word_1_53' title='bbox 175 768 250 821; x_wconf 93' lang='lat' dir='ltr'>Vt</span> <span class='ocrx_word' id='word_1_54' title='bbox 290 769 522 821; x_wconf 86' lang='lat' dir='ltr'>famulae</span> <span class='ocrx_word' id='word_1_55' title='bbox 561 770 815 838; x_wconf 90' lang='lat' dir='ltr'>praebere</span> <span class='ocrx_word' id='word_1_56' title='bbox 856 770 1003 822; x_wconf 87' lang='lat' dir='ltr'>cibos</span> <span class='ocrx_word' id='word_1_57' title='bbox 1044 771 1316 839; x_wconf 82' lang='lat' dir='ltr'>vitamque</span> <span class='ocrx_word' id='word_1_58' title='bbox 1355 773 1655 842; x_wconf 87' lang='lat' dir='ltr'>famemque</span> 
     </span>
     <span class='ocr_line' id='line_1_10' title="bbox 173 842 1448 914; baseline 0.003 -20"><span class='ocrx_word' id='word_1_59' title='bbox 173 842 363 894; x_wconf 87' lang='lat' dir='ltr'>Librat</span> <span class='ocrx_word' id='word_1_60' title='bbox 403 843 684 895; x_wconf 84' lang='lat' dir='ltr'>barbarico</span> <span class='ocrx_word' id='word_1_61' title='bbox 725 844 870 895; x_wconf 83' lang='lat' dir='ltr'>fastu</span> <span class='ocrx_word' id='word_1_62' title='bbox 909 844 1164 914; x_wconf 77' lang='lat' dir='ltr'>vulgique</span> <span class='ocrx_word' id='word_1_63' title='bbox 1206 846 1448 913; x_wconf 86' lang='lat' dir='ltr'>superbit</span> 
     </span>
    </p>

    <p class='ocr_par' dir='ltr' id='par_1_6' title="bbox 171 915 1436 986">
     <span class='ocr_line' id='line_1_11' title="bbox 171 915 1436 986; baseline 0.002 -18"><span class='ocrx_word' id='word_1_64' title='bbox 171 915 416 968; x_wconf 78' lang='lat' dir='ltr'>Fletibus</span> <span class='ocrx_word' id='word_1_65' title='bbox 457 921 509 969; x_wconf 94' lang='lat' dir='ltr'>et</span> <span class='ocrx_word' id='word_1_66' title='bbox 548 921 729 969; x_wconf 78' lang='lat' dir='ltr'>tantae</span> <span class='ocrx_word' id='word_1_67' title='bbox 771 918 1047 986; x_wconf 87' lang='lat' dir='ltr'>suspendit</span> <span class='ocrx_word' id='word_1_68' title='bbox 1087 918 1199 970; x_wconf 86' lang='lat' dir='ltr'>fata</span> <span class='ocrx_word' id='word_1_69' title='bbox 1238 919 1436 972; x_wconf 88' lang='lat' dir='ltr'>ruinae.</span> 
     </span>
    </p>

    <p class='ocr_par' dir='ltr' id='par_1_7' title="bbox 172 990 1864 1132">
     <span class='ocr_line' id='line_1_12' title="bbox 173 990 1864 1062; baseline 0.002 -20"><span class='ocrx_word' id='word_1_70' title='bbox 173 990 463 1042; x_wconf 87' lang='lat' dir='ltr'>Romuleas</span> <span class='ocrx_word' id='word_1_71' title='bbox 503 991 686 1043; x_wconf 82' lang='lat' dir='ltr'>vendit</span> <span class='ocrx_word' id='word_1_72' title='bbox 727 996 934 1062; x_wconf 81' lang='lat' dir='ltr'>segetes</span> <span class='ocrx_word' id='word_1_73' title='bbox 975 996 1027 1044; x_wconf 93' lang='lat' dir='ltr'>et</span> <span class='ocrx_word' id='word_1_74' title='bbox 1066 992 1305 1060; x_wconf 87' lang='lat' dir='ltr'>possidet</span> <span class='ocrx_word' id='word_1_75' title='bbox 1345 1012 1472 1045; x_wconf 85' lang='lat' dir='ltr'>arva</span> <span class='ocrx_word' id='word_1_76' title='bbox 1808 1011 1864 1051; x_wconf 79' lang='lat'>75</span> 
     </span>
     <span class='ocr_line' id='line_1_13' title="bbox 172 1063 1574 1132; baseline 0.004 -17"><span class='ocrx_word' id='word_1_77' title='bbox 172 1063 502 1116; x_wconf 82' lang='lat' dir='ltr'>Vulneribus</span> <span class='ocrx_word' id='word_1_78' title='bbox 542 1065 785 1132; x_wconf 86' lang='lat' dir='ltr'>quaesita</span> <span class='ocrx_word' id='word_1_79' title='bbox 823 1066 969 1117; x_wconf 78' lang='lat' dir='ltr'>meis,</span> <span class='ocrx_word' id='word_1_80' title='bbox 1046 1065 1242 1117; x_wconf 90' lang='lat' dir='ltr'>Ideone</span> <span class='ocrx_word' id='word_1_81' title='bbox 1281 1070 1365 1118; x_wconf 87' lang='lat' dir='ltr'>tot</span> <span class='ocrx_word' id='word_1_82' title='bbox 1405 1076 1574 1120; x_wconf 91' lang='lat' dir='ltr'>annos</span> 
     </span>
    </p>

    <p class='ocr_par' dir='ltr' id='par_1_8' title="bbox 170 1136 1607 1212">
     <span class='ocr_line' id='line_1_14' title="bbox 170 1136 1607 1212; baseline 0.004 -24"><span class='ocrx_word' id='word_1_83' title='bbox 170 1136 376 1189; x_wconf 89' lang='lat' dir='ltr'>Flebile</span> <span class='ocrx_word' id='word_1_84' title='bbox 417 1156 537 1189; x_wconf 87' lang='lat' dir='ltr'>cum</span> <span class='ocrx_word' id='word_1_85' title='bbox 576 1139 782 1190; x_wconf 89' lang='lat' dir='ltr'>tumida</span> <span class='ocrx_word' id='word_1_86' title='bbox 821 1139 1023 1191; x_wconf 89' lang='lat' dir='ltr'>bellum</span> <span class='ocrx_word' id='word_1_87' title='bbox 1065 1139 1387 1210; x_wconf 83' lang='lat' dir='ltr'>Carthagine</span> <span class='ocrx_word' id='word_1_88' title='bbox 1428 1143 1607 1212; x_wconf 79' lang='lat' dir='ltr'>gessi?</span> 
     </span>
    </p>

    <p class='ocr_par' dir='ltr' id='par_1_9' title="bbox 171 1210 1327 1281">
     <span class='ocr_line' id='line_1_15' title="bbox 171 1210 1327 1281; baseline 0.003 -19"><span class='ocrx_word' id='word_1_89' title='bbox 171 1210 376 1263; x_wconf 80' lang='lat' dir='ltr'>Idcirco</span> <span class='ocrx_word' id='word_1_90' title='bbox 416 1211 589 1263; x_wconf 85' lang='lat' dir='ltr'>voluit</span> <span class='ocrx_word' id='word_1_91' title='bbox 630 1216 936 1281; x_wconf 88' lang='lat' dir='ltr'>contempta</span> <span class='ocrx_word' id='word_1_92' title='bbox 975 1213 1092 1264; x_wconf 91' lang='lat' dir='ltr'>luce</span> <span class='ocrx_word' id='word_1_93' title='bbox 1132 1214 1327 1265; x_wconf 88' lang='lat' dir='ltr'>reverti</span> 
     </span>
    </p>

    <p class='ocr_par' dir='ltr' id='par_1_10' title="bbox 169 1285 1863 1727">
     <span class='ocr_line' id='line_1_16' title="bbox 170 1285 1730 1357; baseline 0.004 -21"><span class='ocrx_word' id='word_1_94' title='bbox 170 1285 448 1355; x_wconf 77' lang='lat' dir='ltr'>Regulus?</span> <span class='ocrx_word' id='word_1_95' title='bbox 510 1285 612 1337; x_wconf 90' lang='lat' dir='ltr'>hoc</span> <span class='ocrx_word' id='word_1_96' title='bbox 652 1285 874 1355; x_wconf 82' lang='lat' dir='ltr'>damniS‚</span> <span class='ocrx_word' id='word_1_97' title='bbox 913 1287 1140 1357; x_wconf 79' lang='lat' dir='ltr'>genitor,</span> <span class='ocrx_word' id='word_1_98' title='bbox 1182 1286 1550 1341; x_wconf 85' lang='lat' dir='ltr'>Cannensibus</span> <span class='ocrx_word' id='word_1_99' title='bbox 1590 1290 1730 1343; x_wconf 81' lang='lat' dir='ltr'>emi?</span> 
     </span>
     <span class='ocr_line' id='line_1_17' title="bbox 171 1357 1863 1419; baseline 0.002 -9"><span class='ocrx_word' id='word_1_100' title='bbox 171 1357 449 1410; x_wconf 84' lang='lat' dir='ltr'>Incassum</span> <span class='ocrx_word' id='word_1_101' title='bbox 488 1359 688 1411; x_wconf 89' lang='lat' dir='ltr'>totiens</span> <span class='ocrx_word' id='word_1_102' title='bbox 728 1360 879 1411; x_wconf 87' lang='lat' dir='ltr'>lituis</span> <span class='ocrx_word' id='word_1_103' title='bbox 917 1360 1200 1413; x_wconf 84' lang='lat' dir='ltr'>navalibus</span> <span class='ocrx_word' id='word_1_104' title='bbox 1241 1361 1373 1413; x_wconf 84' lang='lat' dir='ltr'>arsit</span> <span class='ocrx_word' id='word_1_105' title='bbox 1805 1380 1863 1419; x_wconf 89' lang='lat'>80</span> 
     </span>
     <span class='ocr_line' id='line_1_18' title="bbox 170 1432 1654 1503; baseline 0.003 -19"><span class='ocrx_word' id='word_1_106' title='bbox 170 1432 474 1501; x_wconf 89' lang='lat' dir='ltr'>Hispanum</span> <span class='ocrx_word' id='word_1_107' title='bbox 515 1432 859 1501; x_wconf 85' lang='lat' dir='ltr'>Siculumque</span> <span class='ocrx_word' id='word_1_108' title='bbox 899 1434 1098 1485; x_wconf 84' lang='lat' dir='ltr'>fretum</span> <span class='ocrx_word' id='word_1_109' title='bbox 1136 1438 1452 1503; x_wconf 85' lang='lat' dir='ltr'>vastataque</span> <span class='ocrx_word' id='word_1_110' title='bbox 1491 1436 1654 1488; x_wconf 90' lang='lat' dir='ltr'>tellus</span> 
     </span>
     <span class='ocr_line' id='line_1_19' title="bbox 171 1506 1613 1578; baseline 0.002 -20"><span class='ocrx_word' id='word_1_111' title='bbox 171 1506 379 1574; x_wconf 88' lang='lat' dir='ltr'>Totque</span> <span class='ocrx_word' id='word_1_112' title='bbox 421 1507 579 1558; x_wconf 87' lang='lat' dir='ltr'>duces</span> <span class='ocrx_word' id='word_1_113' title='bbox 621 1507 758 1559; x_wconf 91' lang='lat' dir='ltr'>caesi</span> <span class='ocrx_word' id='word_1_114' title='bbox 798 1512 1063 1576; x_wconf 87' lang='lat' dir='ltr'>ruptaque</span> <span class='ocrx_word' id='word_1_115' title='bbox 1103 1508 1328 1560; x_wconf 90' lang='lat' dir='ltr'>emissus</span> <span class='ocrx_word' id='word_1_116' title='bbox 1369 1509 1435 1560; x_wconf 92' lang='lat' dir='ltr'>ab</span> <span class='ocrx_word' id='word_1_117' title='bbox 1475 1509 1613 1578; x_wconf 87' lang='lat' dir='ltr'>Alpe</span> 
     </span>
     <span class='ocr_line' id='line_1_20' title="bbox 169 1580 1749 1649; baseline 0.004 -18"><span class='ocrx_word' id='word_1_118' title='bbox 169 1580 381 1632; x_wconf 90' lang='lat' dir='ltr'>Poenus</span> <span class='ocrx_word' id='word_1_119' title='bbox 422 1584 473 1632; x_wconf 93' lang='lat' dir='ltr'>et</span> <span class='ocrx_word' id='word_1_120' title='bbox 515 1581 775 1632; x_wconf 92' lang='lat' dir='ltr'>attonitae</span> <span class='ocrx_word' id='word_1_121' title='bbox 814 1581 921 1633; x_wconf 85' lang='lat' dir='ltr'>iam</span> <span class='ocrx_word' id='word_1_122' title='bbox 959 1582 1238 1649; x_wconf 78' lang='lat' dir='ltr'>proximus</span> <span class='ocrx_word' id='word_1_123' title='bbox 1277 1582 1553 1635; x_wconf 84' lang='lat' dir='ltr'>Hannibal</span> <span class='ocrx_word' id='word_1_124' title='bbox 1590 1584 1749 1637; x_wconf 83' lang='lat' dir='ltr'>urbi?</span> 
     </span>
     <span class='ocr_line' id='line_1_21' title="bbox 172 1653 1555 1727; baseline 0.002 -22"><span class='ocrx_word' id='word_1_125' title='bbox 172 1653 386 1706; x_wconf 84' lang='lat' dir='ltr'>Scilicet</span> <span class='ocrx_word' id='word_1_126' title='bbox 426 1658 487 1705; x_wconf 91' lang='lat' dir='ltr'>ut</span> <span class='ocrx_word' id='word_1_127' title='bbox 528 1655 744 1706; x_wconf 90' lang='lat' dir='ltr'>domitis</span> <span class='ocrx_word' id='word_1_128' title='bbox 784 1655 1052 1706; x_wconf 86' lang='lat' dir='ltr'>frueretur</span> <span class='ocrx_word' id='word_1_129' title='bbox 1090 1656 1351 1707; x_wconf 90' lang='lat' dir='ltr'>barbarus</span> <span class='ocrx_word' id='word_1_130' title='bbox 1391 1655 1555 1727; x_wconf 82' lang='lat' dir='ltr'>Afris,</span> 
     </span>
    </p>

    <p class='ocr_par' dir='ltr' id='par_1_11' title="bbox 170 1727 1861 1869">
     <span class='ocr_line' id='line_1_22' title="bbox 170 1727 1861 1796; baseline 0.002 -18"><span class='ocrx_word' id='word_1_131' title='bbox 170 1727 326 1779; x_wconf 88' lang='lat' dir='ltr'>Muro</span> <span class='ocrx_word' id='word_1_132' title='bbox 369 1727 600 1779; x_wconf 89' lang='lat' dir='ltr'>sustinui</span> <span class='ocrx_word' id='word_1_133' title='bbox 639 1728 868 1780; x_wconf 88' lang='lat' dir='ltr'>Martem</span> <span class='ocrx_word' id='word_1_134' title='bbox 906 1732 1197 1796; x_wconf 91' lang='lat' dir='ltr'>noctesque</span> <span class='ocrx_word' id='word_1_135' title='bbox 1240 1733 1486 1781; x_wconf 87' lang='lat' dir='ltr'>cruentas</span> <span class='ocrx_word' id='word_1_136' title='bbox 1805 1747 1861 1787; x_wconf 87' lang='lat'>85</span> 
     </span>
     <span class='ocr_line' id='line_1_23' title="bbox 174 1800 1498 1869; baseline 0.001 -16"><span class='ocrx_word' id='word_1_137' title='bbox 174 1800 383 1853; x_wconf 86' lang='lat' dir='ltr'>Collina</span> <span class='ocrx_word' id='word_1_138' title='bbox 423 1819 521 1869; x_wconf 92' lang='lat' dir='ltr'>pro</span> <span class='ocrx_word' id='word_1_139' title='bbox 561 1805 708 1853; x_wconf 90' lang='lat' dir='ltr'>turre</span> <span class='ocrx_word' id='word_1_140' title='bbox 748 1802 887 1853; x_wconf 80' lang='lat' dir='ltr'>tuli?</span> <span class='ocrx_word' id='word_1_141' title='bbox 952 1801 1196 1854; x_wconf 82' lang='lat' dir='ltr'>Gildonis</span> <span class='ocrx_word' id='word_1_142' title='bbox 1237 1802 1303 1853; x_wconf 90' lang='lat' dir='ltr'>ad</span> <span class='ocrx_word' id='word_1_143' title='bbox 1341 1821 1498 1855; x_wconf 91' lang='lat' dir='ltr'>usum</span> 
     </span>
    </p>

    <p class='ocr_par' dir='ltr' id='par_1_12' title="bbox 175 1874 1601 1951">
     <span class='ocr_line' id='line_1_24' title="bbox 175 1874 1601 1951; baseline 0.003 -26"><span class='ocrx_word' id='word_1_144' title='bbox 175 1874 444 1944; x_wconf 81' lang='lat' dir='ltr'>Carthago</span> <span class='ocrx_word' id='word_1_145' title='bbox 485 1878 567 1926; x_wconf 90' lang='lat' dir='ltr'>ter</span> <span class='ocrx_word' id='word_1_146' title='bbox 606 1875 747 1926; x_wconf 81' lang='lat' dir='ltr'>victa</span> <span class='ocrx_word' id='word_1_147' title='bbox 787 1875 955 1951; x_wconf 74' lang='lat' dir='ltr'>ruit?s</span> <span class='ocrx_word' id='word_1_148' title='bbox 994 1875 1113 1927; x_wconf 93' lang='lat' dir='ltr'>Hoc</span> <span class='ocrx_word' id='word_1_149' title='bbox 1151 1875 1298 1927; x_wconf 90' lang='lat' dir='ltr'>mille</span> <span class='ocrx_word' id='word_1_150' title='bbox 1339 1878 1601 1946; x_wconf 84' lang='lat' dir='ltr'>gementis</span> 
     </span>
    </p>

    <p class='ocr_par' dir='ltr' id='par_1_13' title="bbox 169 1947 1421 2019">
     <span class='ocr_line' id='line_1_25' title="bbox 169 1947 1421 2019; baseline 0.001 -19"><span class='ocrx_word' id='word_1_151' title='bbox 169 1947 358 2000; x_wconf 89' lang='lat' dir='ltr'>Italiae</span> <span class='ocrx_word' id='word_1_152' title='bbox 400 1948 573 2000; x_wconf 87' lang='lat' dir='ltr'>clades</span> <span class='ocrx_word' id='word_1_153' title='bbox 612 1949 958 2017; x_wconf 90' lang='lat' dir='ltr'>impensaque</span> <span class='ocrx_word' id='word_1_154' title='bbox 999 1950 1209 2000; x_wconf 86' lang='lat' dir='ltr'>saecula</span> <span class='ocrx_word' id='word_1_155' title='bbox 1248 1949 1421 2019; x_wconf 69' lang='lat' dir='ltr'>bellis7</span> 
     </span>
    </p>

    <p class='ocr_par' dir='ltr' id='par_1_14' title="bbox 170 2021 1619 2095">
     <span class='ocr_line' id='line_1_26' title="bbox 170 2021 1619 2095; baseline 0.003 -23"><span class='ocrx_word' id='word_1_156' title='bbox 170 2022 289 2073; x_wconf 92' lang='lat' dir='ltr'>Hoc</span> <span class='ocrx_word' id='word_1_157' title='bbox 327 2021 528 2073; x_wconf 88' lang='lat' dir='ltr'>Fabius</span> <span class='ocrx_word' id='word_1_158' title='bbox 569 2022 832 2090; x_wconf 88' lang='lat' dir='ltr'>fortisque</span> <span class='ocrx_word' id='word_1_159' title='bbox 871 2022 1005 2074; x_wconf 86' lang='lat' dir='ltr'>mihi</span> <span class='ocrx_word' id='word_1_160' title='bbox 1044 2022 1331 2075; x_wconf 89' lang='lat' dir='ltr'>Marcellus</span> <span class='ocrx_word' id='word_1_161' title='bbox 1372 2024 1619 2095; x_wconf 78' lang='lat' dir='ltr'>agebant,</span> 
     </span>
    </p>

    <p class='ocr_par' dir='ltr' id='par_1_15' title="bbox 169 2094 1860 2317">
     <span class='ocr_line' id='line_1_27' title="bbox 169 2094 1860 2165; baseline 0.005 -19"><span class='ocrx_word' id='word_1_162' title='bbox 169 2095 245 2147; x_wconf 86' lang='lat' dir='ltr'>Vt</span> <span class='ocrx_word' id='word_1_163' title='bbox 287 2094 444 2147; x_wconf 82' lang='lat' dir='ltr'>Gildo</span> <span class='ocrx_word' id='word_1_164' title='bbox 487 2096 781 2148; x_wconf 88' lang='lat' dir='ltr'>cumularet</span> <span class='ocrx_word' id='word_1_165' title='bbox 822 2097 986 2165; x_wconf 83' lang='lat' dir='ltr'>opes?</span> <span class='ocrx_word' id='word_1_166' title='bbox 1047 2096 1279 2148; x_wconf 88' lang='lat' dir='ltr'>Haurire</span> <span class='ocrx_word' id='word_1_167' title='bbox 1317 2115 1518 2150; x_wconf 84' lang='lat' dir='ltr'>venena</span> <span class='ocrx_word' id='word_1_168' title='bbox 1803 2116 1860 2154; x_wconf 85' lang='lat'>90</span> 
     </span>
     <span class='ocr_line' id='line_1_28' title="bbox 171 2168 1727 2239; baseline 0.002 -17"><span class='ocrx_word' id='word_1_169' title='bbox 171 2169 539 2237; x_wconf 85' lang='lat' dir='ltr'>Compulimus</span> <span class='ocrx_word' id='word_1_170' title='bbox 581 2170 755 2221; x_wconf 90' lang='lat' dir='ltr'>dirum</span> <span class='ocrx_word' id='word_1_171' title='bbox 796 2168 1095 2238; x_wconf 82' lang='lat' dir='ltr'>Syphacem</span> <span class='ocrx_word' id='word_1_172' title='bbox 1134 2171 1469 2239; x_wconf 84' lang='lat' dir='ltr'>fractumque</span> <span class='ocrx_word' id='word_1_173' title='bbox 1507 2171 1727 2225; x_wconf 90' lang='lat' dir='ltr'>Metello</span> 
     </span>
     <span class='ocr_line' id='line_1_29' title="bbox 169 2243 1683 2317; baseline 0.003 -23"><span class='ocrx_word' id='word_1_174' title='bbox 169 2243 450 2295; x_wconf 79' lang='lat' dir='ltr'>Traximus</span> <span class='ocrx_word' id='word_1_175' title='bbox 490 2243 758 2295; x_wconf 87' lang='lat' dir='ltr'>inmanem</span> <span class='ocrx_word' id='word_1_176' title='bbox 797 2243 955 2295; x_wconf 90' lang='lat' dir='ltr'>Marii</span> <span class='ocrx_word' id='word_1_177' title='bbox 996 2244 1095 2296; x_wconf 93' lang='lat' dir='ltr'>sub</span> <span class='ocrx_word' id='word_1_178' title='bbox 1135 2244 1311 2296; x_wconf 80' lang='lat' dir='ltr'>vincla</span> <span class='ocrx_word' id='word_1_179' title='bbox 1349 2243 1683 2317; x_wconf 78' lang='lat' dir='ltr'>Iugurtham,</span> 
     </span>
    </p>

    <p class='ocr_par' dir='ltr' id='par_1_16' title="bbox 168 2316 1667 2389">
     <span class='ocr_line' id='line_1_30' title="bbox 168 2316 1667 2389; baseline 0.002 -20"><span class='ocrx_word' id='word_1_180' title='bbox 168 2318 242 2369; x_wconf 90' lang='lat' dir='ltr'>Et</span> <span class='ocrx_word' id='word_1_181' title='bbox 281 2316 547 2369; x_wconf 89' lang='lat' dir='ltr'>Numidae</span> <span class='ocrx_word' id='word_1_182' title='bbox 589 2316 834 2369; x_wconf 79' lang='lat' dir='ltr'>Gildonis</span> <span class='ocrx_word' id='word_1_183' title='bbox 876 2318 1068 2369; x_wconf 78' lang='lat' dir='ltr'>erunt?</span> <span class='ocrx_word' id='word_1_184' title='bbox 1129 2317 1235 2369; x_wconf 92' lang='lat' dir='ltr'>Pro</span> <span class='ocrx_word' id='word_1_185' title='bbox 1275 2318 1463 2370; x_wconf 78' lang='lat' dir='ltr'>funera</span> <span class='ocrx_word' id='word_1_186' title='bbox 1501 2322 1667 2389; x_wconf 79' lang='lat' dir='ltr'>tanta,</span> 
     </span>
    </p>

    <p class='ocr_par' dir='ltr' id='par_1_17' title="bbox 166 2390 1855 2608">
     <span class='ocr_line' id='line_1_31' title="bbox 167 2390 1628 2462; baseline 0.001 -19"><span class='ocrx_word' id='word_1_187' title='bbox 167 2391 273 2443; x_wconf 91' lang='lat' dir='ltr'>Pro</span> <span class='ocrx_word' id='word_1_188' title='bbox 314 2390 491 2442; x_wconf 82' lang='lat' dir='ltr'>labor!</span> <span class='ocrx_word' id='word_1_189' title='bbox 553 2390 610 2442; x_wconf 90' lang='lat' dir='ltr'>in</span> <span class='ocrx_word' id='word_1_190' title='bbox 648 2390 848 2442; x_wconf 87' lang='lat' dir='ltr'>Bocchi</span> <span class='ocrx_word' id='word_1_191' title='bbox 888 2409 1113 2462; x_wconf 86' lang='lat' dir='ltr'>regnum</span> <span class='ocrx_word' id='word_1_192' title='bbox 1154 2391 1364 2443; x_wconf 84' lang='lat' dir='ltr'>sudavit</span> <span class='ocrx_word' id='word_1_193' title='bbox 1403 2395 1628 2460; x_wconf 89' lang='lat' dir='ltr'>uterque</span> 
     </span>
     <span class='ocr_line' id='line_1_32' title="bbox 168 2463 1855 2535; baseline 0.002 -18"><span class='ocrx_word' id='word_1_194' title='bbox 168 2464 361 2532; x_wconf 80' lang='lat' dir='ltr'>Scipio,</span> <span class='ocrx_word' id='word_1_195' title='bbox 439 2463 684 2516; x_wconf 86' lang='lat' dir='ltr'>Romano</span> <span class='ocrx_word' id='word_1_196' title='bbox 723 2464 928 2516; x_wconf 82' lang='lat' dir='ltr'>vicistis</span> <span class='ocrx_word' id='word_1_197' title='bbox 971 2465 1228 2535; x_wconf 85' lang='lat' dir='ltr'>sanguine</span> <span class='ocrx_word' id='word_1_198' title='bbox 1267 2464 1457 2517; x_wconf 81' lang='lat' dir='ltr'>Mauri.</span> <span class='ocrx_word' id='word_1_199' title='bbox 1799 2482 1855 2521; x_wconf 77' lang='lat'>95</span> 
     </span>
     <span class='ocr_line' id='line_1_33' title="bbox 166 2537 1454 2608; baseline 0 -18"><span class='ocrx_word' id='word_1_200' title='bbox 166 2537 265 2590; x_wconf 91' lang='lat' dir='ltr'>Ille</span> <span class='ocrx_word' id='word_1_201' title='bbox 306 2537 396 2589; x_wconf 91' lang='lat' dir='ltr'>diu</span> <span class='ocrx_word' id='word_1_202' title='bbox 435 2537 589 2589; x_wconf 91' lang='lat' dir='ltr'>miles</span> <span class='ocrx_word' id='word_1_203' title='bbox 628 2538 877 2607; x_wconf 80' lang='lat' dir='ltr'>populus,</span> <span class='ocrx_word' id='word_1_204' title='bbox 918 2538 1010 2606; x_wconf 90' lang='lat' dir='ltr'>qui</span> <span class='ocrx_word' id='word_1_205' title='bbox 1048 2538 1282 2606; x_wconf 79' lang='lat' dir='ltr'>praefuit</span> <span class='ocrx_word' id='word_1_206' title='bbox 1321 2538 1454 2608; x_wconf 82' lang='lat' dir='ltr'>orbi,</span> 
     </span>
    </p>

    <p class='ocr_par' dir='ltr' id='par_1_18' title="bbox 167 2611 1823 2756">
     <span class='ocr_line' id='line_1_34' title="bbox 168 2611 1823 2681; baseline 0.002 -18"><span class='ocrx_word' id='word_1_207' title='bbox 168 2611 271 2674; x_wconf 81' lang='lat' dir='ltr'>Qui</span> <span class='ocrx_word' id='word_1_208' title='bbox 309 2611 522 2662; x_wconf 90' lang='lat' dir='ltr'>trabeas</span> <span class='ocrx_word' id='word_1_209' title='bbox 563 2614 614 2662; x_wconf 92' lang='lat' dir='ltr'>et</span> <span class='ocrx_word' id='word_1_210' title='bbox 657 2615 865 2680; x_wconf 85' lang='lat' dir='ltr'>sceptra</span> <span class='ocrx_word' id='word_1_211' title='bbox 905 2611 1081 2681; x_wconf 81' lang='lat' dir='ltr'>dabat,</span> <span class='ocrx_word' id='word_1_212' title='bbox 1122 2630 1279 2679; x_wconf 92' lang='lat' dir='ltr'>quem</span> <span class='ocrx_word' id='word_1_213' title='bbox 1319 2630 1526 2681; x_wconf 88' lang='lat' dir='ltr'>semper</span> <span class='ocrx_word' id='word_1_214' title='bbox 1563 2612 1621 2664; x_wconf 89' lang='lat' dir='ltr'>in</span> <span class='ocrx_word' id='word_1_215' title='bbox 1660 2614 1823 2667; x_wconf 86' lang='lat' dir='ltr'>armis</span> 
     </span>
     <span class='ocr_line' id='line_1_35' title="bbox 167 2684 1606 2756; baseline 0 -19"><span class='ocrx_word' id='word_1_216' title='bbox 167 2684 498 2737; x_wconf 88' lang='lat' dir='ltr'>Horribilem</span> <span class='ocrx_word' id='word_1_217' title='bbox 539 2689 741 2754; x_wconf 76' lang='lat' dir='ltr'>genteS,</span> <span class='ocrx_word' id='word_1_218' title='bbox 779 2685 1050 2753; x_wconf 88' lang='lat' dir='ltr'>placidum</span> <span class='ocrx_word' id='word_1_219' title='bbox 1090 2703 1300 2737; x_wconf 87' lang='lat' dir='ltr'>sensere</span> <span class='ocrx_word' id='word_1_220' title='bbox 1340 2686 1606 2756; x_wconf 77' lang='lat' dir='ltr'>subactae,</span> 
     </span>
    </p>

    <p class='ocr_par' dir='ltr' id='par_1_19' title="bbox 165 2757 1853 2975">
     <span class='ocr_line' id='line_1_36' title="bbox 165 2757 1626 2828; baseline 0 -17"><span class='ocrx_word' id='word_1_221' title='bbox 165 2758 325 2811; x_wconf 88' lang='lat' dir='ltr'>Nunc</span> <span class='ocrx_word' id='word_1_222' title='bbox 363 2757 657 2809; x_wconf 75' lang='lat' dir='ltr'>inhonorus</span> <span class='ocrx_word' id='word_1_223' title='bbox 699 2777 859 2828; x_wconf 84' lang='lat' dir='ltr'>egens</span> <span class='ocrx_word' id='word_1_224' title='bbox 898 2759 1098 2827; x_wconf 85' lang='lat' dir='ltr'>perfert</span> <span class='ocrx_word' id='word_1_225' title='bbox 1137 2759 1440 2810; x_wconf 88' lang='lat' dir='ltr'>miserabile</span> <span class='ocrx_word' id='word_1_226' title='bbox 1479 2760 1626 2827; x_wconf 90' lang='lat' dir='ltr'>pacis</span> 
     </span>
     <span class='ocr_line' id='line_1_37' title="bbox 167 2830 1853 2904; baseline 0.003 -21"><span class='ocrx_word' id='word_1_227' title='bbox 167 2830 500 2900; x_wconf 84' lang='lat' dir='ltr'>Supplicium</span> <span class='ocrx_word' id='word_1_228' title='bbox 538 2832 795 2900; x_wconf 85' lang='lat' dir='ltr'>nulloque</span> <span class='ocrx_word' id='word_1_229' title='bbox 833 2833 1012 2901; x_wconf 90' lang='lat' dir='ltr'>palam</span> <span class='ocrx_word' id='word_1_230' title='bbox 1053 2832 1409 2904; x_wconf 82' lang='lat' dir='ltr'>circumdatus</span> <span class='ocrx_word' id='word_1_231' title='bbox 1447 2832 1602 2884; x_wconf 84' lang='lat' dir='ltr'>hoste</span> <span class='ocrx_word' id='word_1_232' title='bbox 1768 2849 1853 2888; x_wconf 90' lang='grc'>100</span> 
     </span>
     <span class='ocr_line' id='line_1_38' title="bbox 168 2903 1563 2975; baseline 0.001 -18"><span class='ocrx_word' id='word_1_233' title='bbox 168 2904 386 2957; x_wconf 86' lang='lat' dir='ltr'>Obsessi</span> <span class='ocrx_word' id='word_1_234' title='bbox 427 2903 709 2957; x_wconf 85' lang='lat' dir='ltr'>discrimen</span> <span class='ocrx_word' id='word_1_235' title='bbox 748 2906 924 2959; x_wconf 88' lang='lat' dir='ltr'>habet.</span> <span class='ocrx_word' id='word_1_236' title='bbox 1001 2905 1104 2958; x_wconf 91' lang='lat' dir='ltr'>Per</span> <span class='ocrx_word' id='word_1_237' title='bbox 1143 2905 1356 2975; x_wconf 82' lang='lat' dir='ltr'>singula</span> <span class='ocrx_word' id='word_1_238' title='bbox 1395 2905 1563 2958; x_wconf 88' lang='lat' dir='ltr'>letum</span> 
     </span>
    </p>
   </div>
   <div class='ocr_carea' id='block_1_3' title="bbox 1991 0 2085 3215">
    <p class='ocr_par' dir='ltr' id='par_1_20' title="bbox 1991 0 2085 3215">
     <span class='ocr_line' id='line_1_39' title="bbox 1991 0 2085 3215; baseline 0 0"><span class='ocrx_word' id='word_1_239' title='bbox 1991 0 2085 3215; x_wconf 95' lang='lat' dir='ltr'> </span> 
     </span>
    </p>
   </div>
  </div>
 </body>
</html>
