2044 3220
229 100 263 151 2
270 98 339 150 84
767 97 1013 142 CLAVDH
1045 98 1376 143 CLAVDIANI

228 234 541 287 Humanum
580 233 815 286 relevare
854 253 1046 305 genuS,
1086 234 1382 303 durumque
1421 239 1713 304 tyrannum

229 307 587 376 Inmitemque
625 311 783 360 vocat
822 313 1151 379 regnataque
1192 310 1404 361 saecula
1441 310 1585 378 patri
1871 326 1938 366 35-

232 382 628 435 Commemorat
666 400 994 450 parcumque
1031 381 1214 435 Iovem
1255 401 1309 434 se
1351 383 1515 436 divite
1555 384 1773 456 clamat,

233 455 336 518 Qui
377 474 593 525 campos
633 455 852 508 horrere
893 457 1003 509 situ
1043 457 1325 525 dumisque
1364 457 1558 526 repleri

230 529 379 582 Rura
418 530 602 599 velim,
640 530 806 582 nullis
849 549 1100 583 exornem
1139 531 1408 582 fructibus
1449 550 1661 585 annum.

231 603 297 656 Se
338 604 469 673 iam,
510 622 645 672 quae
685 605 932 675 genetrix
970 605 1294 657 mortalibus
1335 608 1458 657 ante
1497 606 1713 677 fuisset,

230 677 296 730 In
336 678 481 730 dirae
522 678 704 730 subito
744 697 921 731 mores
960 679 1221 731 transisse
1260 697 1542 750 novercae,
1871 695 1939 735 40-

228 751 400 814 «Quid
436 756 671 804 mentem
709 753 938 805 traxisse
977 754 1126 824 11010,
1169 753 1297 822 quid
1333 753 1541 822 profuit
1581 754 1752 807 altum

228 825 484 879 Erexisse
525 830 707 897 caput,
747 828 1010 896 pecudum
1052 828 1098 879 si
1137 846 1285 879 more
1324 832 1603 896 pererrant

228 899 390 970 Avia,
432 900 479 952 si
517 901 777 971 frangunt
818 902 1120 954 communia
1159 902 1359 970 pabula
1398 902 1662 973 glandes?

228 973 466 1026 Haecine
506 975 620 1027 vita
659 975 809 1027 iuvat
851 975 1190 1027 silvestribus
1232 976 1411 1028 addita
1450 976 1662 1047 lustriS,

228 1047 526 1100 Indiscreta
565 1048 760 1100 feris‘?«
822 1049 979 1101 Tales
1021 1068 1142 1101 cum
1183 1068 1339 1119 saepe
1377 1051 1618 1119 parentis
1873 1065 1936 1104 45

228 1122 553 1174 Pertulerim
594 1126 840 1193 questus,
880 1123 1097 1175 tandem
1138 1124 1450 1176 clementior
1491 1125 1611 1177 orbi

233 1195 474 1248 Chaonio
517 1196 684 1248 statui
723 1201 911 1268 gentes
954 1200 1191 1249 avertere
1231 1198 1401 1250 victu:

228 1269 411 1338 Atque
453 1270 583 1323 adeo
628 1269 895 1341 Cererem,
937 1290 1072 1339 quae
1110 1290 1255 1324 nunc
1294 1272 1484 1342 ignara
1522 1273 1791 1326 malorum

227 1344 494 1397 Verberat
533 1344 723 1397 Idaeos
764 1349 920 1398 torva
962 1364 1082 1397 cum
1121 1349 1292 1398 matre
1332 1347 1537 1416 leoneS,

228 1419 333 1471 Per
370 1438 539 1489 mare,
578 1438 674 1488 per
712 1423 884 1472 terras
926 1420 1080 1472 avido
1124 1420 1420 1472 discurrere
1459 1421 1611 1473 luctu
1874 1436 1937 1476 50

228 1493 541 1563 Decretum,
578 1498 738 1546 natae
778 1494 944 1546 donec
983 1495 1184 1546 laetata
1223 1499 1465 1563 repertae

228 1566 437 1620 Indicio
477 1568 684 1620 tribuat
723 1568 930 1639 frugeS,
971 1587 1265 1636 currusque
1304 1570 1510 1621 fera-tur

228 1641 485 1695 Nubibus
524 1642 741 1712 ignotas
781 1642 997 1711 populis
1039 1661 1323 1711 sparsurus
1365 1643 1558 1695 aristas

228 1715 304 1768 Et
342 1715 471 1786 iuga
512 1715 741 1768 caerulei
781 1716 1008 1768 subeant
1047 1716 1250 1768 Actaea
1291 1717 1561 1770 dracones,

232 1789 438 1852 Quodsi
479 1790 600 1858 quis
643 1789 821 1842 Cereri
860 1794 1132 1858 raptorem
1171 1791 1396 1858 prodere
1438 1791 1618 1844 divum
1874 1808 1934 1848 55

228 1863 465 1933 Audeat,
504 1864 718 1932 imperii
757 1864 955 1916 molem
993 1882 1286 1932 pacemque
1324 1866 1648 1933 profundam

231 1936 489 1990 Obtestor
527 1956 727 2007 rerum,
766 1942 927 1989 natus
967 1937 1093 1990 licet
1134 1938 1226 1990 ille
1268 1957 1485 1992 sororve

227 2011 333 2064 Vel
373 2012 606 2064 coniunx
645 2012 811 2064 fuerit
849 2015 1166 2065 natarumve
1206 2013 1438 2083 agminis
1478 2033 1609 2085 una,

231 2085 298 2139 Se
336 2086 464 2138 licet
504 2086 600 2138 1113
638 2105 757 2138 meo
801 2090 1114 2155 conceptam
1153 2087 1354 2140 vertice
1393 2087 1578 2141 iactet:

229 2159 437 2213 Sentiet
475 2160 675 2212 iratum
713 2161 904 2230 procul
943 2160 1150 2231 aegide,
1191 2161 1388 2214 sentiet
1426 2162 1595 2214 ictum
1874 2179 1935 2219 60

226 2233 495 2287 Fulminis
537 2238 589 2287 et
629 2235 874 2306 genitum
915 2235 1093 2287 divina
1134 2239 1278 2288 sorte
1316 2236 1528 2320 pigebit

229 2308 561 2379 Optabitque
599 2310 760 2361 mori:
800 2312 930 2361 tunc
967 2310 1188 2362 Vulnere
1229 2310 1441 2362 saucius
1479 2311 1588 2380 ipsi

228 2383 492 2436 Tradetur
529 2402 749 2454 genem,
787 2402 1046 2465 passurus
1085 2384 1301 2452 prodita
1339 2403 1527 2456 regna,

227 2457 303 2509 Et
344 2457 475 2509 sciet
516 2477 585 2509 an
622 2457 872 2526 propriae
913 2458 1220 2526 conspirent
1260 2458 1486 2510 Tartara
1526 2477 1729 2512 causae.

229 2531 350 2583 Hoc
390 2535 659 2601 sanctum,
698 2550 952 2583 mansura
991 2532 1163 2584 fluant
1202 2532 1306 2584 hoc
1347 2533 1530 2585 ordine
1569 2534 1717 2586 fata?
1872 2548 1932 2590 65

230 2605 383 2657 Dixit
424 2609 476 2657 et
514 2606 782 2658 horrendo
825 2606 1098 2657 concussit
1139 2606 1311 2658 sidera
1349 2610 1516 2659 motu,

340 2678 415 2730 At
454 2681 644 2747 procul
684 2679 944 2732 armisoni
987 2679 1231 2732 Cererem
1271 2680 1371 2732 sub
1411 2681 1639 2750 rupibus
1680 2682 1823 2735 antri
1907 2732 1911 2734 ,

232 2752 484 2805 Securam
522 2754 894 2822 placidamque
935 2754 1025 2806 diu
1063 2754 1172 2806 iam
1213 2758 1357 2806 certa
1394 2756 1599 2824 peracti

231 2827 527 2879 Terrebant
568 2828 852 2880 simulacra
891 2828 1044 2897 mali,
1082 2832 1375 2897 noctesque
1414 2829 1666 2882 timorem

228 2900 574 2972 Ingeminant
615 2902 867 2971 omnique
905 2903 1045 2971 perit
1083 2902 1406 2972 Proserpina
1447 2923 1650 2957 somnO.
1871 2919 1930 2958 70
