2044 3220
576 659 902 718 CLAVDII
950 655 1394 718 CLAVDIANI

463 778 569 836 DE
616 777 888 837 RAPTV
937 775 1515 836 PROSERPINAE.

792 924 1187 976 PRAEFATIO.

863 1038 1098 1095 (xxxii.)

133 1130 360 1184 Inventa
402 1129 573 1181 secuit
612 1128 820 1197 primus
864 1128 956 1195 qui
993 1146 1127 1179 nave
1168 1128 1496 1196 profundum

208 1205 282 1256 Et
322 1203 548 1256 rudibus
589 1202 751 1254 remis
794 1202 1114 1254 sollicitavit
1155 1220 1345 1271 aqua3‚

136 1278 239 1341 Qui
280 1277 457 1329 dubiis
499 1295 662 1328 ausus
703 1276 1039 1328 committere
1078 1276 1300 1327 flatibus
1342 1276 1526 1327 alnum

211 1351 355 1414 Quas
394 1355 588 1403 natura
627 1354 791 1421 negat
832 1350 1081 1419 praebuit
1123 1354 1237 1402 arte
1276 1350 1413 1402 vias:

136 1426 468 1495 Tranquillis
509 1425 745 1493 primum
784 1425 1028 1493 trepidus
1071 1443 1126 1476 se
1168 1424 1392 1476 credidit
1431 1422 1591 1475 undis

210 1500 399 1553 Litora
442 1518 628 1551 securo
669 1499 887 1551 tramite
929 1518 1137 1551 summa
1177 1499 1384 1569 legens3

136 1574 266 1626 Mox
304 1575 500 1645 longos
541 1577 806 1642 temptare
848 1574 996 1625 sinus
1039 1577 1091 1625 et
1131 1573 1373 1641 linquere
1414 1576 1587 1623 terras

212 1648 286 1699 Et
325 1649 434 1700 leni
476 1647 651 1715 coepit
691 1647 922 1715 pandere
961 1648 1079 1698 vela
1119 1646 1283 1698 Noto.

138 1721 242 1774 Ast
281 1722 376 1774 ubi
415 1722 679 1790 paulatim
717 1740 971 1789 praeceps
1013 1721 1232 1772 audacia
1274 1720 1441 1772 crevit

220 1795 499 1864 Cordaque
541 1796 887 1866 languentem
929 1795 1225 1846 dedidicere
1265 1798 1491 1863 metum⁷

140 1868 256 1921 Iam
294 1888 465 1941 vagus
504 1869 767 1938 inrumpit
806 1869 1032 1940 pelagus
1074 1869 1386 1936 caelumque
1428 1871 1643 1920 secutus

215 1944 458 2016 Aegaeas
498 1944 700 1995 hiemes
741 1941 1060 2011 Ioniumque
1102 1943 1298 1994 domat.

742 2125 945 2173 LIBER
985 2124 1250 2173 PRIMVS.

873 2236 1118 2294 (XXXIII.)

216 2328 421 2382 Inferni
460 2328 696 2397 raptoris
738 2346 905 2396 equos
946 2327 1250 2396 adflataque
1291 2345 1451 2379 curru

145 2403 330 2455 Sidera
369 2403 633 2455 Taenario
674 2402 1077 2472 caligantesque
1116 2401 1414 2470 profundae

146 2476 370 2529 Iunonis
411 2477 682 2529 thalamos
723 2476 912 2528 audaci
950 2494 1196 2545 promere
1238 2479 1400 2527 cantu

143 2550 297 2602 Mens
339 2555 595 2622 congesta
634 2551 800 2602 iubet.
866 2549 1096 2602 Gressus
1135 2552 1405 2601 removete
1445 2548 1677 2617 profani.

143 2623 259 2676 Iam
299 2626 451 2678 furor
489 2626 755 2677 humanos
795 2627 985 2676 nostro
1028 2624 1091 2676 de
1129 2627 1346 2693 pectore
1387 2641 1576 2674 sensus

142 2698 372 2768 Expulit
412 2704 464 2751 et
503 2703 682 2751 totum
723 2699 930 2768 spirant
968 2697 1281 2766 praecordia
1319 2696 1624 2765 Phoebum3
1690 2704 1699 2713 ‘

144 2771 261 2824 Iam
299 2773 436 2824 mihi
477 2777 768 2825 cernuntur
807 2772 1034 2841 trepidis
1076 2771 1299 2823 delubra
1338 2771 1543 2823 moveri

144 2846 375 2900 Sedibus
416 2850 469 2899 et
509 2847 708 2899 claram
748 2847 1055 2917 dispergere
1094 2845 1283 2897 limina
1322 2845 1499 2897 lucem

143 2920 452 2974 Adventum
491 2924 691 2973 testata
733 2921 840 2991 dei3
879 2921 987 2972 iam
1026 2938 1256 2990 magnus
1297 2919 1364 2971 ab
1405 2919 1531 2971 imis

1790 1806 1843 1845 10
