2029 3230
517 92 992 137 ADNOTATIONES
1025 93 1316 139 CRITICAE.
1640 94 1769 138 XXV

196 224 341 269 verba
373 224 497 268 enim
528 237 649 279 quae
683 226 791 267 sunt
821 226 969 269 Α11ηα
1001 229 1140 282 oneri,
1174 228 1289 284 fuya
1314 227 1548 283 praesidio
1580 240 1674 269 non
1698 225 1767 269 in-

196 284 504 340 compositam
526 282 872 339 repetitionem,
900 283 1021 327 sicut
1046 285 1382 329 animadvertit
1405 285 1489 340 Β1,
1515 285 1596 328 3οᾶ
1620 285 1768 328 totius

196 343 478 397 sententiae,
526 355 619 397 qua
666 341 724 384 de
772 344 1010 385 armatura
1057 347 1104 386 et
1141 344 1385 401 pugnandi
1432 344 1769 387 consuetudine

193 401 462 445 Maurorum
510 400 759 455 agebatur,
816 401 952 456 quasi
1007 402 1354 446 conclusionem
1407 417 1501 446 non
1554 402 1768 459 ineptam

194 460 432 505 continere
466 459 684 514 equidem
726 472 905 503 censeo.
962 460 1110 504 Arma
1149 463 1305 504 autem
1344 461 1453 505 telis
1493 461 1767 517 iaculisque,

193 508 282 563 hoc
315 521 387 563 est
418 518 513 562 levi
546 520 812 561 armaturae
852 518 1073 574 opposita
1113 532 1212 562 esse
1252 523 1498 564 memento.
1568 521 1770 576 denique

196 577 317 621 libro
341 577 384 621 V
400 603 456 609 —
480 577 594 620 licet
618 576 822 632 optimus
851 577 913 619 sit
930 604 982 610 —
1002 577 1150 621 multo
1176 578 1403 622 minorem
1428 579 1568 622 fidem
1592 579 1766 622 haben-

192 637 302 679 dam
334 650 435 680 esse
465 635 515 678 in
545 636 757 679 versibus
798 637 847 678 et
879 636 984 679 aliis
1025 638 1072 679 et
1107 636 1180 679 his
1220 636 1336 692 ipsis
1370 637 1489 681 Gild.
1517 642 1768 682 420—445

192 695 317 738 infra
348 695 409 739 ad
439 695 662 738 Fescenn.
691 699 730 748 1,
756 698 782 736 3
816 694 1029 751 pluribus
1064 696 1410 740 demonstrabo.

71 759 160 799 473
191 769 272 799 nec
301 767 429 799 mons
458 759 542 798 aut
571 754 707 811 silva]
744 767 848 796 cum
880 754 1069 810 optimis
1101 754 1235 797 libris
1267 754 1397 798 VPC
1431 755 1765 798 consentienti·

191 814 277 857 bus
308 812 496 857 retinui.

73 875 162 916 488
193 873 346 916 totum
380 885 560 916 versum
593 872 680 951 V?
714 873 900 915 secutus
934 871 1077 928 edidi,
1110 885 1215 914 cum
1245 870 1418 926 reliqui
1449 871 1559 914 libri
1584 872 1768 927 legant:

192 931 380 976 ‘Solvite
396 933 505 986 iam,
528 945 615 976 soc
614 933 656 975 i’
666 932 904 985 ,clamant
929 931 1030 974 ‘aut
1051 932 1247 987 rumpite
1267 931 1460 985 funem’,
1485 931 1610 986 quod
1635 945 1769 986 prae-

189 989 304 1033 tulit
334 989 510 1032 Birtius
537 993 584 1033 et
608 989 961 1034 festinationem
986 988 1333 1033 classiariorum
1359 990 1514 1032 verbis
1541 990 1735 1035 Solvite.

189 1054 272 1093 aut
310 1051 507 1105 rumpite
544 1049 784 1104 praeclare
833 1048 1103 1104 depinctam
1152 1062 1253 1092 esse
1302 1050 1529 1093 autumat.
1594 1062 1679 1105 ego
1720 1049 1769 1091 in

192 1107 453 1152 contrarias
499 1110 659 1164 partes
707 1107 898 1162 transii,
947 1121 1052 1150 cum
1101 1107 1272 1150 debilis
1311 1107 1469 1163 potius
1510 1121 1563 1150 ac
1601 1121 1769 1164 parum

189 1168 303 1222 apta
326 1166 443 1210 haec
467 1167 685 1223 gradatio
713 1180 812 1210 esse
838 1166 1070 1221 nimisque
1096 1166 1407 1221 glossatorem
1430 1166 1480 1208 in
1501 1166 1769 1222 synonymis

192 1225 432 1269 ludentem
456 1229 660 1282 resipere
685 1225 803 1269 mihi
828 1225 1018 1280 quidem
1041 1225 1293 1269 videretur.
1352 1228 1515 1268 contra
1539 1225 1589 1268 in
1612 1225 1768 1268 verbis

192 1285 251 1328 ab
284 1299 393 1330 mss.
426 1285 516 1328 VP
549 1284 738 1328 traditis
774 1284 1061 1340 anaphoram
1095 1284 1332 1328 efficacem
1365 1287 1412 1327 et
1442 1286 1585 1340 poeta
1608 1287 1771 1328 nostro

190 1357 300 1388 vere
333 1344 524 1400 dignam
557 1343 844 1399 agnoverim.

701 1477 765 1529 In
802 1477 1143 1545 Eutropium.

85 1579 113 1622 Ι
139 1582 164 1622 6
195 1579 420 1635 visasque]
457 1591 615 1622 omnes
647 1577 757 1621 libri
787 1579 976 1634 praeter
1008 1577 1064 1632 Β,
1106 1577 1238 1620 0111113
1270 1576 1522 1620 lectionem
1554 1578 1772 1634 binasque

187 1636 258 1682 Bi.
298 1636 519 1693 probavit
558 1638 606 1680 et
645 1636 910 1692 adsumpsit
942 1636 1046 1680 coll.
1080 1635 1223 1679 Plinii
1254 1636 1375 1680 Hist.
1411 1638 1519 1681 Nat.
1553 1637 1596 1679 Π
1625 1650 1660 1680 0.
1689 1641 1765 1691 99;

189 1695 272 1739 sed
303 1696 429 1739 idem
461 1696 590 1739 100113
614 1695 858 1739 Plinianus
893 1695 1030 1739 docet
1060 1695 1110 1737 in
1140 1694 1311 1738 talium
1338 1694 1662 1752 prodigiorum
1690 1696 1768 1739 de-

189 1754 444 1811 scriptione
479 1755 672 1798 verbum
699 1755 895 1798 ‘videre’
923 1768 1208 1811 magnopere
1233 1754 1463 1797 usitatum
1490 1768 1590 1798 esse
1616 1768 1769 1810 neque

190 1813 339 1869 igitur
363 1816 449 1867 0313,
476 1829 556 1858 cur
579 1813 807 1858 librorum
832 1827 1110 1858 consensum
1133 1813 1229 1857 fere
1255 1813 1462 1857 omnium
1486 1827 1767 1858 recusemus.

189 1876 397 1916 ceterum
434 1872 581 1916 Iulius
624 1872 896 1928 Obsequens
927 1877 1006 1916 31:
1054 1874 1262 1917 interdiu
1300 1875 1436 1917 etiam
1475 1874 1594 1918 duae
1634 1874 1773 1917 lunae

187 1934 337 1987 visae‚·
369 1935 417 1975 et
449 1931 624 1975 similia
653 1932 782 1975 idem
815 1932 1014 1988 saepius.

102 1995 157 2035 13
190 1990 619 2047 interpunctionem
648 2004 732 2047 pos
714 1993 757 2034 st
787 1992 916 2046 fibris
948 2004 976 2034 a
1008 1990 1157 2034 Birtio
1192 1992 1239 2034 et
1270 1990 1560 2034 Mommseno
1601 2004 1769 2056 propo-

194 2049 334 2093 sitam
367 2063 479 2093 cave
510 2063 568 2093 ne
601 2050 810 2104 sequaris
844 2051 892 2092 et
915 2048 1016 2105 ipse
1041 2049 1112 2094 Bi.
1137 2049 1255 2093 bene
1282 2049 1419 2093 cavit.
1476 2051 1620 2093 verba
1645 2049 1768 2092 enim

189 2122 307 2164 quae
340 2111 448 2152 sunt
483 2108 608 2166 Quae
638 2123 757 2153 nova
781 2110 1063 2164 portendant
1100 2110 1256 2165 superi
1296 2109 1358 2150 ad
1396 2107 1490 2151 tria
1528 2108 1613 2152 illa
1649 2121 1769 2163 quae

190 2168 481 2225 praecedunt
512 2167 772 2223 enuntiata,
804 2181 897 2210 non
929 2167 988 2210 ad
1019 2181 1182 2211 vocem
1214 2168 1345 2222 nefas
1378 2168 1525 2210 solam
1551 2167 1772 2222 adposita

190 2240 292 2271 esse
326 2226 425 2270 sine
459 2226 757 2270 dubitatione
790 2227 1036 2271 contendo.
1091 2239 1228 2282 porro
1257 2225 1554 2281 aequabilem
1581 2227 1766 2269 senten-

188 2286 362 2329 tiarum
394 2285 582 2329 illarum
615 2285 1009 2329 constructionem
1041 2288 1144 2340 quis
1176 2287 1370 2341 tangere
1404 2284 1605 2328 audeat?

101 2350 158 2389 20
190 2346 336 2402 diras]
388 2345 444 2388 de
491 2345 582 2389 hoc
627 2344 730 2388 1000
785 2344 893 2388 vide
948 2357 1068 2400 quae
1124 2344 1317 2401 exposui
1374 2343 1468 2387 ‘De
1525 2342 1768 2387 codicibus

190 2403 475 2448 Cuiacianis’
509 2419 554 2460 p.
582 2407 652 2448 58.

100 2467 156 2506 23
189 2463 265 2508 Sic
295 2465 451 2508 omnia
480 2465 627 2520 nobis]
664 2463 720 2507 cf.
746 2461 923 2505 ibidem
955 2477 999 2518 p.
1027 2466 1082 2505 59
1109 2463 1157 2504 et
1182 2466 1235 2505 62
1272 2461 1375 2515 (sub
1407 2460 1680 2516 Addendis).
1730 2460 1770 2503 si

189 2522 294 2577 quis
325 2536 434 2565 vero
468 2522 524 2566 de
564 2522 766 2566 lectione
806 2522 1074 2565 etiamnunc
1115 2521 1317 2574 dubitet,
1360 2520 1516 2564 locum
1555 2520 1766 2563 adferam

188 2580 258 2624 ita
289 2581 634 2636 concinentem,
674 2583 728 2624 ut
758 2579 852 2623 iam
886 2579 1072 2623 desinat
1104 2578 1363 2635 dubitatio,
1407 2579 1472 2623 Vl
1504 2593 1628 2624 cons.
1656 2583 1765 2622 297:

191 2639 278 2685 Sed
310 2641 513 2698 piynora
550 2615 711 2684 no⁷bis
749 2640 987 2683 Romanus
1027 2652 1245 2695 carasque
1281 2652 1430 2704 nurus
1462 2640 1773 2695 praedamque

191 2700 438 2743 tenebat!
471 2701 598 2742 amat
615 2698 796 2742 scilicet
813 2697 1097 2741 Claudianus
1117 2711 1200 2740 sua
1217 2696 1364 2741 insius
1385 2698 1527 2741 verba
1542 2699 1770 2764 repetere.

101 2761 156 2801 31
190 2757 303 2824 uno]
343 2759 428 2802 uni
459 2757 583 2801 P1H
620 2772 675 2802 ex
715 2757 986 2801 coniectura
1025 2758 1177 2799 ortum
1216 2755 1404 2800 videtur
1441 2755 1643 2811 ideoque
1682 2757 1769 2799 rei—

192 2816 428 2871 ciendum3
478 2818 660 2861 domino
695 2853 704 2862 .
731 2852 740 2861 .
769 2851 778 2860 .
811 2830 904 2860 uno
943 2829 1026 2872 pro
1061 2814 1271 2858 ablativo
1313 2815 1530 2858 absoluto
1573 2814 1769 2870 accipio.

193 2875 369 2918 similia
400 2875 601 2920 contulit
634 2876 862 2919 Gesnerus
896 2875 955 2918 ad
987 2874 1017 2917 1.
