2044 3220
636 104 834 163 (XXVI.)
875 103 956 147 DE
990 102 1186 148 BELLO
1220 101 1497 148 GOTHICO.
1809 103 1913 156 201

213 241 320 294 Hic
360 241 499 294 celer
539 241 736 310 effecit,
775 240 967 292 bruma
1004 257 1071 291 ne
1111 239 1328 311 longior
1365 257 1474 291 una

213 316 378 369 Esset
417 315 590 368 hiems
631 333 832 384 rerum,
870 313 1060 382 primis
1102 313 1194 365 sed
1232 313 1510 366 mensibus
1550 316 1726 366 aestas

216 390 550 459 Temperiem
592 385 738 442 caelo
778 389 982 458 pariter
1021 387 1274 456 belloque
1314 388 1550 440 referret.

329 463 434 518 Sed
479 464 608 533 quid
655 482 755 535 ego
795 462 1160 515 Hannibalem
1201 466 1388 515 contra
1422 462 1801 531 Pyrrhumque
1840 464 1926 515 tot

1406 555 1560 589 anms

218 612 497 667 Certatum
535 630 848 682 memorem,
888 611 1013 665 vilis
1055 630 1175 663 cum
1217 609 1508 680 Spartacus
1552 628 1706 663 omne
1840 624 1923 663 155

213 688 318 741 Ρ31·
356 688 502 741 latus
540 686 731 740 Italiae
771 687 914 739 ferro
955 686 1250 738 bacchatus
1292 689 1344 737 et
1383 685 1499 756 igni

219 762 654 831 Consulibusque
693 762 874 831 palam
913 761 1114 814 totiens
1156 778 1479 831 congressus
1519 759 1719 811 inertes

213 837 444 890 Exuerit
485 836 676 890 castris
718 836 965 888 dominos
1005 839 1058 888 et
1100 838 1281 906 strage
1320 834 1568 918 pudenda

213 911 256 964 F
260 911 438 964 uderit
477 911 723 964 imbelles
765 910 976 980 aquilas
1018 910 1305 962 servilibus
1348 909 1525 962 armis

212 986 332 1040 Nos
372 990 642 1039 terrorum
681 1004 871 1055 expers
913 989 965 1037 et
1005 985 1130 1037 lusu
1168 984 1387 1037 mollior
1427 987 1575 1036 aetas
1845 996 1927 1036 160

213 1049 509 1114 Deficimus
551 1060 784 1130 queruli,
827 1061 872 1112 si
912 1061 1012 1112 bos
1054 1059 1319 1111 abductus
1361 1062 1566 1128 aratro

215 1135 274 1190 Si
312 1136 484 1189 libata
525 1154 694 1207 seges,
757 1134 886 1189 Non
923 1135 1063 1187 hanc
1104 1133 1379 1205 ergastula
1418 1132 1578 1185 nobis

213 1209 474 1263 Inmisere
512 1229 734 1263 manum
771 1228 871 1262 nec
911 1209 1244 1262 coniurantis
1283 1208 1515 1259 harenae

215 1285 398 1338 Turba
438 1284 569 1354 fuit·
611 1285 826 1353 qualem
867 1283 1095 1337 Stilicho
1138 1282 1387 1335 deiecerit
1427 1281 1665 1352 hostem,

215 1358 451 1412 Thraces
493 1362 546 1411 et
583 1358 873 1411 Haemonii
912 1361 1171 1427 poterunt
1210 1356 1490 1424 Moesique
1529 1355 1702 1408 fateri.
1844 1369 1926 1410 165

329 1433 551 1505 Frigida
590 1437 674 1486 ter
714 1433 887 1485 decies
926 1433 1191 1485 nudatum
1231 1431 1516 1484 frondibus
1556 1430 1824 1483 Haemum

217 1508 412 1561 Tendit
450 1508 624 1560 hiems
663 1508 861 1561 vestire
901 1508 1028 1579 gelu
1067 1507 1377 1574 totiensque
1419 1504 1614 1557 solutis

216 1582 327 1635 Ver
365 1583 584 1636 nivibus
624 1582 850 1635 viridem
889 1581 1063 1634 monti
1102 1581 1374 1650 reparavit
1415 1580 1694 1650 amictum,

215 1657 303 1710 Ex
345 1676 451 1726 quo
490 1657 599 1709 iam
637 1657 846 1727 patrios
887 1675 1019 1728 gens
1058 1656 1191 1708 haec
1233 1654 1403 1707 oblita
1441 1653 1668 1706 Triones

217 1731 399 1801 Atque
438 1731 692 1784 Histrum
730 1734 1037 1784 transvecta
1079 1730 1245 1783 semel
1283 1729 1516 1800 vestigia
1555 1728 1675 1781 fixit
1846 1741 1929 1782 170

217 1806 466 1860 Threicio
507 1807 723 1859 funesta
765 1807 904 1859 solo:
946 1824 1040 1858 seu
1079 1806 1193 1858 fata
1230 1804 1500 1857 vocabant
1813 1826 1817 1829 ’

219 1880 326 1935 Seu
365 1881 546 1952 gravis
586 1882 667 1933 ira
707 1881 886 1952 deum,
928 1880 1120 1933 seriem
1159 1879 1418 1932 meditata
1457 1877 1644 1931 ruinis,

217 1956 305 2009 Ex
343 1955 463 2026 1110,
505 1973 844 2024 quocumque
883 1973 1052 2025 vagos
1091 1953 1320 2024 impegit
1358 1953 1585 2023 Erinys,

221 2029 511 2084 Grandinis
552 2033 646 2082 aut
685 2029 863 2082 morbi
901 2030 1012 2082 ritu
1049 2046 1146 2097 per
1186 2028 1338 2080 devia
1377 2045 1526 2096 rura,

217 2104 549 2174 Praecipites
588 2123 684 2173 per
725 2104 908 2156 clausa
947 2106 1135 2173 ruunt,
1173 2120 1273 2154 nec
1313 2101 1544 2172 contigit
1583 2099 1712 2152 ullis
1845 2113 1928 2153 175

219 2178 491 2233 Amnibus
532 2182 627 2231 aut
668 2178 905 2247 scopulis
945 2177 1193 2247 proprias
1235 2175 1516 2228 defendere
1554 2178 1741 2227 terras

218 2253 317 2308 Nil
355 2253 641 2323 Rhodope,
680 2253 760 2306 nil
799 2256 985 2305 vastus
1026 2251 1228 2321 Athos,
1270 2250 1351 2302 nil
1390 2249 1597 2319 profuit
1637 2248 1855 2301 Hebrus

222 2327 490 2399 OdrysiiS,
529 2328 677 2381 facili
717 2330 1088 2396 contemptum
1129 2295 1420 2394 Strymona
1461 2323 1606 2376 saltu

222 2403 297 2456 Et
338 2403 543 2456 frustra
582 2403 831 2472 rapidum
872 2402 1128 2454 damnant
1168 2400 1523 2452 Haliacmona
1563 2397 1735 2453 Bessi.

219 2477 477 2531 Nubibus
515 2478 782 2531 intactum
821 2476 1043 2529 Macedo
1083 2475 1313 2528 miratur
1353 2472 1646 2542 Olympum
1847 2486 1931 2526 180

221 2551 374 2605 More
412 2556 749 2622 pererratum
790 2552 986 2622 campi3
1025 2551 1194 2622 gemit
1232 2549 1397 2601 inrita
1437 2547 1636 2616 Tempe

222 2626 515 2680 Thessalus
556 2630 608 2680 et
650 2627 868 2680 domitis
907 2595 1133 2679 inrisam
1173 2623 1421 2676 cautibus
1462 2620 1645 2675 Oeten.

224 2699 622 2771 Sperchiusque
662 2705 715 2754 et
753 2700 1058 2772 virginibus
1101 2699 1327 2751 dilectus
1367 2696 1608 2765 Enipeus

273 2952 279 2958 ·
348 2940 434 2980 174
465 2937 595 2996 rura]
627 2951 731 2996 e90;
762 2950 931 2980 rerum.
