2085 3215
157 121 227 172 26
711 119 957 163 CLAVDII
991 119 1323 164 CLAVDIANI

158 256 468 325 AmPlexuS.
545 255 856 323 Numquam
893 259 1076 308 tantae
1117 255 1322 307 dicione
1363 256 1462 307 sub
1502 276 1609 309 una

162 330 466 383 Convenere
505 347 696 380 manus
734 347 832 381 nec
870 333 954 382 tot
995 329 1302 382 discrimina
1339 348 1552 383 vocum:

157 404 314 456 Illinc
352 403 638 455 Armeniae
676 402 902 455 vibratis
942 403 1180 455 crinibus
1220 404 1335 455 alae

158 477 397 530 Herbida
438 477 692 528 collectae
731 477 878 529 facili
916 477 1181 529 velamina
1219 477 1384 546 nod03

157 551 286 604 Inde
326 554 504 603 truces
543 551 683 603 flavo
725 551 1051 604 comitantur
1089 551 1285 602 vertice
1327 550 1487 621 Galli,
1769 567 1855 606 110

159 625 305 688 Quos
344 624 640 677 Rhodanus
678 625 858 695 velox,
897 624 1084 677 Araris
1126 643 1260 692 quos
1300 624 1506 677 tardior
1545 626 1714 678 ambit

158 700 232 752 Et
273 717 408 768 quos
447 702 728 751 nascentes
776 699 1020 768 explorat
1060 698 1276 769 gurgite
1316 698 1538 751 Rhenus

161 774 413 842 Quosque
453 773 595 843 rigat
635 777 778 825 retro
818 772 1086 841 pernicior
1124 772 1267 824 unda
1309 772 1609 843 Garunnae,

160 847 358 900 Oceani
394 848 554 916 pleno
597 847 845 914 quotiens
884 846 1182 915 impellitur
1221 850 1387 899 aestu

158 922 312 974 Mens
353 921 534 973 eadem
575 921 783 973 cunctis
823 920 1094 989 animique
1133 920 1366 972 recentia
1404 926 1615 989 ponunt
1772 935 1855 975 115

158 996 422 1065 Vulnera3
459 1013 572 1047 non
613 995 725 1046 odit
764 995 939 1047 victus
978 995 1216 1047 victorve
1258 995 1513 1063 superbit.

159 1070 233 1123 Et
275 1069 520 1138 quamvis
559 1087 812 1137 praesens
851 1073 1033 1121 tumor
1072 1072 1124 1121 et
1165 1068 1344 1121 civilia
1381 1087 1553 1138 nuper

160 1143 397 1197 Classica
435 1143 795 1211 bellatrixque
835 1142 1141 1195 etiamnunc
1179 1142 1259 1194 ira
1299 1142 1509 1212 caleret,

156 1217 222 1270 In
261 1217 411 1269 ducis
452 1216 633 1268 eximii
675 1217 1046 1285 conspiravere
1085 1217 1337 1268 favorem.

156 1291 318 1344 Haud
356 1290 513 1343 aliter
551 1290 766 1342 Xerxen
804 1294 922 1343 toto
965 1290 1128 1342 simul
1168 1291 1296 1342 orbe
1337 1294 1551 1343 secutus
1773 1305 1857 1345 120

156 1365 425 1419 Narratur
462 1365 705 1433 rapuisse
744 1383 912 1435 vagos
953 1364 1217 1416 exercitus
1257 1383 1440 1416 amnes

157 1440 231 1492 Et
270 1439 394 1492 telis
434 1439 714 1491 umbrasse
755 1439 916 1508 diem,
957 1457 1078 1490 cum
1118 1438 1381 1490 classibus
1420 1438 1523 1490 iret

157 1514 261 1566 Per
302 1513 553 1582 scopulos
594 1516 902 1582 tectumque
941 1512 1102 1581 pedes
1144 1516 1507 1565 contemneret
1547 1531 1759 1581 aequor.

269 1587 378 1639 Vix
417 1586 584 1655 Alpes
625 1605 873 1658 egressus
914 1590 1028 1639 erat
1065 1605 1163 1638 nec
1201 1587 1309 1638 iam
1348 1587 1579 1655 amplius
1620 1591 1762 1639 errat

157 1662 431 1714 Barbarus
472 1661 865 1729 adventumque
903 1661 1100 1712 timens
1141 1679 1196 1712 30
1237 1661 1383 1731 cogit
1422 1661 1480 1712 in
1517 1679 1680 1712 unam
1775 1674 1857 1714 125

159 1735 449 1788 Planitiem
487 1739 715 1803 tutoque
754 1734 982 1786 includit
1020 1752 1219 1803 pascua
1259 1753 1417 1805 gyro:

161 1810 299 1862 Tum
339 1809 538 1877 duplici
577 1809 725 1861 fossa
761 1827 874 1860 non
913 1808 1254 1877 exuperabile
1291 1808 1493 1860 vallum

160 1884 394 1952 Asperat
434 1883 655 1935 alternis
697 1883 920 1934 sudibus
958 1883 1206 1950 murique
1244 1883 1422 1934 locata

160 1957 226 2010 In
266 1957 497 2026 speciem
537 1957 705 2009 caesis
746 1956 990 2008 obtendit
1029 1956 1273 2024 plaustra
1310 1956 1562 2008 iuvencis,

273 2031 348 2083 At
386 2031 577 2100 procul
615 2031 874 2101 exanguis
913 2030 1172 2082 Rufinum
1209 2031 1439 2099 perculit
1478 2030 1691 2100 horror-3
1777 2045 1858 2085 130

162 2105 399 2158 Infectae
437 2105 643 2174 pallore
683 2123 873 2176 genae3
914 2104 1067 2157 stetit
1108 2123 1197 2156 ore
1237 2105 1417 2175 gelato

163 2179 406 2232 Incertus
445 2182 721 2248 peteretne
759 2179 961 2249 fugam,
999 2178 1280 2231 veniamne
1320 2179 1576 2230 subactus

163 2254 415 2306 Posceret
455 2271 524 2305 an
562 2253 699 2305 fidos
740 2271 854 2305 sese
893 2253 1211 2305 transferret
1248 2253 1307 2304 in
1344 2253 1543 2304 hostes,

166 2327 306 2390 Quid
342 2345 485 2379 nunc
526 2327 761 2396 divitiae,
802 2327 930 2395 quid
968 2326 1105 2378 fulvi
1143 2330 1296 2378 vasta
1334 2326 1540 2378 metalli

168 2401 480 2471 CongerieS,
522 2401 652 2469 quid
689 2400 974 2469 purpureis
1015 2400 1201 2452 effulta
1241 2400 1504 2452 columnis
1775 2414 1858 2452 135

164 2474 319 2527 Atria
359 2475 667 2543 prolataeve
706 2475 894 2527 iuvant
934 2475 1001 2526 ad
1041 2474 1216 2526 sidera
1253 2474 1459 2525 moles?

164 2548 334 2600 Audit
373 2549 477 2600 iter
514 2553 868 2617 numeratque
908 2548 1021 2600 dies
1062 2548 1346 2616 spatioque
1383 2547 1593 2600 viarum

165 2621 390 2674 Metitur
428 2623 611 2675 vitam.
689 2622 994 2691 Torquetur
1030 2639 1161 2690 pace
1199 2622 1382 2673 futura

163 2695 279 2749 Nec
316 2696 507 2764 recipit
547 2715 765 2748 somnos
804 2700 857 2748 et
897 2714 1054 2764 saepe
1094 2695 1364 2747 cubilibus
1403 2713 1586 2746 amens

165 2769 458 2821 Excutitur
496 2788 830 2838 poenamque
869 2770 972 2822 luit
1011 2769 1299 2821 formidine
1337 2787 1553 2837 poenae.
1777 2782 1858 2822 140

167 2842 272 2896 Sed
309 2843 448 2895 redit
485 2843 543 2894 in
581 2844 772 2895 faciem
811 2844 1178 2911 scelerumque
1215 2843 1428 2894 inmane
1467 2842 1692 2894 resumit

165 2915 450 2988 Ingenium
491 2935 774 2986 sacrasque
813 2917 956 2970 fores
995 2916 1310 2985 praedivitis
1350 2916 1503 2968 aulae
