2044 3220
169 79 417 137 (XXXIII.)
449 78 528 121 DE
561 79 768 122 RAPTV
799 78 1224 122 PROSERPINAE
1259 78 1440 122 LIBER
1470 78 1716 123 PRIMVS.
1762 78 1870 131 269

172 214 260 266 Me
301 232 515 282 quoque
555 231 711 282 saepe
752 213 907 265 soles,
966 212 1074 265 Cur
1111 213 1303 265 ultima
1342 232 1508 284 regna
1550 213 1870 281 quiescunt?

171 287 340 341 Nulla
381 289 451 340 sit
491 287 728 339 inmunis
769 287 918 356 regio
957 288 1274 355 nullumque
1317 287 1415 338 sub
1455 287 1662 339 umbris
1785 301 1872 341 225

172 362 369 414 Pectus
409 363 750 414 inaccensum
788 360 1001 412 Veneri.
1065 359 1180 412 Iam
1219 361 1393 412 tristis
1433 360 1634 429 Erinys

175 435 384 488 Sentiat
424 436 661 505 ardores3
700 433 953 486 Acheron
989 434 1239 501 Ditisque
1281 435 1450 486 severi

171 509 368 561 Ferrea
407 509 624 561 lascivis
663 509 981 560 mollescant
1023 508 1181 559 corda
1223 509 1474 578 sagittis⁹

286 583 567 636 Accelerat
606 586 889 651 praecepta
928 581 1136 650 Venus3
1176 581 1432 649 iussuque
1473 583 1711 650 parentis

174 657 356 709 Pallas
397 661 449 709 et
487 657 684 708 inflexo
727 674 861 723 quae
900 659 1066 707 terret
1105 655 1351 707 Maenala
1392 674 1558 707 cornu
1792 670 1877 708 230

177 731 398 783 Addunt
440 749 495 782 se
536 731 772 782 comites
836 729 1036 782 Divino
1079 730 1269 782 semita
1309 748 1498 800 gressu

181 804 411 875 Claruit,
452 804 736 875 augurium
778 804 952 872 qualis
992 805 1202 856 laturus
1240 803 1492 871 iniquum

177 879 410 947 Praepes
452 878 745 949 sanguineo
788 878 1044 929 dilabitur
1084 879 1209 948 igne
1251 882 1483 930 cometes

178 953 485 1024 Prodigiale
524 953 745 1004 rubens:
784 971 897 1004 non
935 952 1092 1004 illum
1129 952 1312 1003 navita
1352 955 1473 1003 tuto
1484 995 1497 1020 7

177 1026 307 1079 Non
343 1027 562 1096 impune
600 1027 784 1079 vident
822 1027 1035 1096 populi,
1077 1026 1169 1078 sed
1209 1026 1351 1078 crine
1391 1026 1587 1077 minaci
1792 1038 1879 1077 235

179 1100 413 1154 Nuntiat
453 1104 545 1152 aut
585 1100 794 1153 ratibus
835 1104 1025 1152 ventos
1067 1104 1159 1152 aut
1198 1100 1426 1152 urbibus
1465 1099 1664 1152 hostes,

179 1175 454 1227 Devenere
493 1175 694 1244 locum,
737 1175 945 1227 Cereris
987 1193 1093 1242 quo
1134 1178 1276 1226 tecta
1315 1174 1562 1225 nitebant

183 1248 480 1318 Cyclopum
518 1249 731 1300 firmata
770 1268 955 1300 manu:
998 1252 1144 1300 stant
1185 1248 1347 1300 ardua
1387 1248 1529 1299 ferro

183 1322 418 1392 Moenia,
457 1323 645 1374 ferrati
684 1327 868 1391 postes
879 1367 890 1391 ,
930 1323 1278 1390 inmensaque
1317 1322 1485 1374 nectit

185 1396 435 1448 Claustra
469 1397 706 1465 chalybs.
761 1396 989 1449 Nullum
1020 1400 1174 1448 tanto
1218 1396 1409 1447 sudore
1448 1396 1760 1466 Pyragmon
1799 1407 1885 1446 240

182 1470 298 1523 Nec
338 1470 590 1539 Steropes
633 1471 934 1523 construxit
976 1489 1132 1539 opus:
1170 1489 1283 1522 non
1320 1470 1522 1521 talibus
1563 1487 1820 1537 umquam

186 1544 465 1613 Spiravere
504 1544 668 1597 Notis
709 1545 916 1596 animae
955 1563 1053 1596 nec
1092 1544 1311 1595 flumine
1350 1547 1504 1595 tanto

183 1617 464 1670 Incoctum
502 1619 710 1670 maduit
749 1619 892 1670 lassa
935 1618 1136 1670 cervice
1175 1618 1468 1669 metallum.

186 1692 345 1744 Atria
386 1693 554 1763 cingit
595 1693 748 1762 ebur3
788 1693 1036 1744 trabibus
1079 1692 1342 1744 solidatur
1383 1692 1529 1744 aenis

189 1766 416 1818 Culmen
454 1770 506 1818 et
546 1767 604 1819 in
643 1767 812 1818 celsas
854 1770 1083 1837 surgunt
1124 1766 1321 1818 electra
1362 1767 1653 1818 columnas,
1805 1778 1890 1816 245

299 1839 425 1909 Ipsa
465 1841 683 1892 domum
722 1844 907 1892 tenero
948 1841 1189 1892 mulcens
1228 1840 1554 1909 Proserpina
1595 1843 1757 1891 cantu

186 1914 358 1967 Inrita
398 1915 615 1966 texebat
655 1915 924 1966 rediturae
963 1933 1184 1966 munera
1223 1914 1398 1966 matri.

188 1988 294 2041 Hic
334 1989 720 2041 elementorum
761 1989 951 2040 seriem
992 1989 1247 2056 sedesque
1286 1991 1538 2056 paternas

190 2062 499 2134 Insignibat
540 2081 660 2132 acu,
699 2066 931 2115 veterem
976 2081 1081 2130 qua
1119 2063 1238 2132 lege
1277 2063 1573 2113 tumultum

191 2137 462 2189 Discrevit
501 2137 712 2189 Natura
751 2155 946 2205 parens
988 2139 1040 2187 et
1081 2137 1283 2188 semina
1323 2136 1482 2187 iustis
1809 2149 1892 2187 250

192 2211 500 2263 Discessere
541 2211 699 2263 locis:
743 2210 1005 2279 quidquid
1042 2211 1181 2279 leve,
1220 2210 1392 2262 fertur
1430 2210 1488 2262 in
1529 2210 1721 2277 altum3

193 2284 261 2337 In
297 2285 532 2337 medium
573 2285 821 2355 graviora
863 2285 1081 2355 cadunt3
1120 2284 1397 2336 incanduit
1439 2303 1552 2352 aer3

193 2358 352 2430 Legit
392 2360 608 2411 flamma
647 2360 855 2428 polum3
895 2359 1051 2410 fluxit
1091 2377 1259 2428 mare3
1298 2362 1443 2409 terra
1481 2357 1748 2426 pependit.

193 2433 309 2486 Nec
347 2434 498 2485 color
536 2452 676 2485 unus
718 2437 852 2485 erat:
896 2433 1081 2484 stellas
1122 2432 1362 2484 accendit
1401 2433 1459 2483 in
1497 2450 1651 2501 auro7

152 2568 155 2569 ⁷
199 2506 361 2560 Ostro
401 2507 580 2560 fundit
621 2526 802 2576 aquas,
865 2506 1091 2559 Attollit
1131 2507 1292 2558 litora
1333 2506 1559 2576 gemmis
1810 2518 1896 2557 255

195 2580 421 2649 Filaque
460 2582 717 2634 mentitos
757 2582 974 2633 iamiam
1014 2581 1275 2632 caelantia
1314 2581 1511 2632 fluctus

196 2654 331 2706 Arte
369 2658 601 2708 tument:
644 2655 826 2707 credas
864 2655 1019 2707 inlidi
1060 2654 1306 2706 cautibus
1349 2654 1527 2724 algam

197 2729 273 2780 Et
313 2747 534 2780 raucum
572 2729 776 2781 bibulis
814 2730 1087 2798 inserpere
1127 2747 1370 2780 murmur
1407 2727 1638 2780 harenis,

199 2802 367 2854 Addit
408 2804 643 2871 quinque
682 2805 895 2874 plagas:
935 2803 1165 2855 mediam
1206 2802 1545 2872 subtegmine
1584 2802 1749 2853 rubro

201 2875 492 2929 Obsessam
531 2877 741 2930 fervore
778 2881 957 2946 notat3
1007 2877 1289 2945 squalebat
1330 2876 1544 2928 inustus
1817 2889 1902 2928 260
