2029 3230
826 111 1186 158 PRAEFATIO.
1762 114 1848 159 VII

153 246 324 300 Immo
364 264 490 299 vero
529 245 762 314 plurima
808 246 1015 315 insunt,
1068 265 1202 315 quae
1242 251 1302 299 ut
1343 247 1719 318 singularitate
1767 267 1852 300 ex-

155 321 355 373 cellunt
410 321 487 372 ita
539 319 915 388 interpolatori
970 321 1252 373 temerario
1309 339 1369 373 ac
1424 339 1579 391 saepe
1635 323 1850 391 stupido

155 394 268 447 sine
306 393 664 446 haesitatione
704 393 1007 445 tribuimus,

301 468 404 520 Est
458 470 638 520 autem
701 485 891 535 operae
951 467 1186 535 pretium
1248 472 1425 520 totuin
1487 469 1596 521 fere
1658 469 1850 522 harum

152 542 446 595 lectionum
485 541 798 593 thesaurum
839 541 896 592 in
937 544 1226 609 conspectu
1274 541 1493 611 habere,
1542 561 1699 610 quem
1740 543 1855 612 qui-

155 616 274 668 dem
314 616 391 668 ita
439 615 699 684 eruimUS,
752 617 813 666 ut
859 612 1224 685 Isengrinium
1272 633 1391 667 cum
1442 615 1684 669 Camerte
1732 635 1854 670 con-

152 691 409 759 feramus3
461 688 554 741 ille
594 688 736 741 enim
785 706 919 756 quae
967 689 1109 757 apud
1158 688 1301 740 hunc
1346 707 1457 740 non
1503 690 1732 759 invenit,
1788 710 1851 743 ex

152 764 375 831 antiqua
399 781 511 815 sua
550 762 861 814 membrana
901 762 1149 814 iniecisse
1188 762 1414 814 videtur.
1487 762 1600 825 Qua
1646 764 1852 817 ratione

150 837 430 906 BentinUS,
461 835 824 907 Isengriniani
857 837 1175 905 exemplaris
1201 836 1387 905 editor,
1422 837 1602 889 officio
1635 837 1853 890 functus

154 912 239 981 sit,
276 911 525 979 proditur
565 910 807 979 exemplo
840 910 992 963 Eutr.
1025 909 1052 962 I
1084 913 1180 979 44,
1229 910 1325 962 ubi
1361 910 1576 962 Camers
1618 911 1854 963 ediderat

158 985 332 1052 Coepit
376 1001 525 1052 saepe
571 989 767 1048 tamem
822 984 914 1036 ille
961 985 1123 1037 verba
1171 984 1569 1053 transponenda
1618 1003 1732 1037 esse
1779 985 1856 1037 in-

155 1062 338 1129 specto
395 1058 574 1111 codice
629 1076 726 1110 suo
783 1058 1079 1128 intellexit,
1143 1058 1234 1110 sed
1295 1077 1457 1127 prave
1517 1074 1630 1110 rein
1685 1059 1853 1130 gessit

155 1133 395 1186 scribens
428 1131 591 1201 Saepe
629 1132 789 1200 coepit
818 1138 1014 1196 tamem
1056 1133 1113 1185 in
1145 1132 1324 1185 codice
1357 1133 1497 1184 enim
1529 1132 1704 1185 fuerat
1739 1133 1853 1185 sine

155 1207 318 1259 dubio
367 1206 529 1274 Saepe
585 1211 755 1260 tamen
809 1208 977 1274 coepit.
1056 1206 1208 1258 Duos
1257 1206 1463 1259 codices
1511 1206 1577 1258 ab
1628 1225 1688 1259 eo
1739 1225 1853 1259 esse

151 1280 425 1333 adhibitos
485 1280 668 1332 nescio
732 1299 801 1332 an
862 1280 1263 1332 commendetur-
1332 1280 1666 1333 considerato
1732 1281 1852 1333 loco

150 1355 302 1407 Eutr.
335 1353 389 1407 Π
420 1355 584 1423 praef.
611 1356 698 1423 27,
729 1354 826 1406 ubi
852 1353 1069 1406 Camers
1092 1355 1390 1419 substratus,
1423 1354 1688 1407 Bentinus
1723 1355 1853 1406 duas

151 1429 412 1481 lectiones
452 1428 688 1496 praebet,
718 1433 1015 1495 μὀεΐναΐαὸ
1054 1429 1112 1480 in
1151 1446 1323 1498 versu,
1362 1429 1588 1481 substitit
1623 1428 1681 1480 in
1718 1447 1855 1480 mar-

155 1503 301 1573 gine,
339 1503 471 1554 item
509 1501 643 1554 Bell.
678 1499 815 1553 Gild.
853 1503 958 1554 124
1000 1501 1217 1554 Camers
1252 1503 1454 1569 ferale&
1493 1502 1757 1554 Bentinus
1797 1502 1855 1553 in

151 1594 310 1629 versu
338 1576 558 1643 ferialia,
596 1576 654 1627 in
685 1593 790 1645 mg.
819 1576 1005 1642 feralis
1036 1576 1216 1628 Acilia
1236 1593 1473 1644 pugna&
1514 1575 1667 1628 Eutr.
1694 1574 1720 1627 I
1748 1577 1853 1628 195

156 1649 372 1703 Camers
411 1666 529 1714 ozon,
569 1648 834 1701 Bentinus
875 1648 933 1700 in
970 1668 1076 1719 mg.
1116 1660 1218 1702 offic
1261 1650 1336 1702 vel
1374 1667 1513 1702 num.
1586 1648 1689 1702 Sed
1726 1668 1857 1702 non-

150 1724 329 1776 nullas
369 1723 626 1776 lectiones
667 1722 846 1792 ipsum
884 1722 1178 1776 Bentinum
1226 1723 1480 1776 audacius
1522 1724 1856 1794 excogitasse

150 1798 340 1869 negari
378 1797 470 1850 vix
509 1796 725 1866 poterit.

301 1871 374 1924 Et
419 1871 481 1923 de
519 1869 602 1923 III
651 1874 704 1923 et
750 1869 829 1922 IV
877 1871 1163 1923 consulatu
1208 1870 1442 1924 Honorii
1489 1871 1697 1924 Birtius
1744 1889 1858 1923 rem

154 1945 389 1997 absolvit
419 1963 519 1997 nec
540 1963 651 1997 non
685 1948 767 1996 sat
793 1944 904 2014 egit
928 1944 1038 1997 fere
1068 1945 1129 1996 de
1154 1944 1307 1997 Bello
1336 1944 1582 2015 Gothico,
1616 1945 1677 1998 de
1702 1945 1857 1998 libris

154 2019 214 2071 in
236 2018 510 2087 Rufinum,
543 2018 605 2069 de
639 2018 823 2086 Raptu
853 2018 1223 2088 Proserpinae,
1263 2019 1490 2087 denique
1523 2020 1586 2071 de
1616 2018 1860 2090 Panegy-

152 2092 266 2145 rico
290 2092 518 2145 Probini
552 2095 604 2144 et
627 2089 852 2160 Olybrii.
914 2091 1140 2143 Perraro
1173 2092 1257 2144 vir
1282 2092 1626 2145 doctissimus
1659 2092 1858 2145 erravit

156 2184 242 2235 e0,
298 2166 441 2234 quod
482 2184 615 2234 quas
661 2166 838 2217 varias
885 2165 1143 2218 lectiones
1195 2165 1410 2218 Camers
1459 2166 1516 2218 in
1567 2167 1858 2234 appendice

156 2240 380 2292 editioni
429 2258 554 2292 suae
603 2239 878 2308 adnexuit,
931 2257 1042 2292 non
1097 2240 1350 2307 contulit3
1403 2243 1554 2309 patet
1605 2240 1746 2292 enim
1794 2259 1858 2292 ex

153 2313 255 2367 hac
316 2313 578 2367 Camertis
641 2313 930 2382 appendice
994 2317 1236 2382 sumptas
1291 2332 1406 2366 esse
1459 2312 1859 2385 Isengrinianas

157 2387 451 2456 scripturas
490 2387 610 2440 has:
650 2386 729 2439 IV
763 2406 905 2440 cons,
937 2386 1078 2440 Hon.
1106 2389 1214 2441 284
1246 2390 1391 2455 quod,
1432 2389 1537 2440 291
1571 2390 1857 2453 inue’cleant,

153 2463 264 2514 ’425
297 2463 477 2530 infida,
512 2463 620 2515 614
658 2461 941 2525 Grutzmm',
981 2461 1105 2513 Rus.
1137 2460 1164 2513 Ι
1197 2463 1300 2514 201
1336 2463 1470 2529 reffl‘s
1511 2460 1673 2531 (hanc
1706 2481 1859 2514 suam

158 2534 521 2588 coniecturam
569 2553 684 2587 esse
733 2534 949 2588 Camers
1004 2535 1162 2604 plane
1215 2534 1468 2606 indicat),
1521 2535 1655 2588 Bell.
1697 2535 1858 2589 Goth.

158 2610 266 2662 643
301 2611 481 2677 yentiS,
520 2608 783 2680 Panegyr.
823 2609 982 2662 Prob.
1018 2611 1086 2663 83
1127 2610 1470 2677 triumphati&
1520 2611 1626 2663 208
1668 2611 1859 2674 omina,

155 2682 315 2751 Rapt.
347 2681 429 2735 ΠΙ
462 2685 569 2736 320
600 2681 873 2754 uallata..1)

309 2800 351 2854 1)
382 2797 689 2842 Memorabile
723 2798 774 2842 in
807 2797 1021 2843 Camerte
1055 2798 1143 2842 hoc
1177 2798 1304 2855 dico,
1346 2799 1469 2854 quod
1508 2799 1558 2843 in
1599 2797 1859 2856 appendice

154 2856 240 2901 illa
274 2856 334 2900 ad.
358 2859 572 2913 Aponum
605 2872 647 2902 v.
676 2861 701 2900 9
732 2859 780 2902 et
805 2862 860 2901 10
886 2858 1107 2903 adnotat:
1143 2859 1232 2917 leyi
1255 2860 1307 2904 in
1331 2860 1626 2905 vetustissimo
1651 2859 1861 2914 exeplari

150 2918 217 2962 sic
246 2917 355 2962 haec
385 2917 476 2962 duo
507 2918 736 2962 carmina:
