2044 3220
123 99 369 157 (XXXVI.)
401 99 482 142 DE
516 99 714 144 RAPTV
740 101 1167 145 PROSERPINAE
1199 102 1380 146 LIBER
1405 102 1676 150 TERTIVS.
1711 105 1816 158 291

118 233 234 286 Iam
273 234 473 286 Veneri
512 235 748 304 iunctae,
789 237 948 287 sociis
989 238 1320 308 raptoribuS,
1358 239 1491 291 itis‘?

120 307 164 360 Ο
204 309 421 377 templis
464 308 714 377 Scythiae
754 312 915 377 atque
955 310 1228 363 hominem
1269 312 1578 365 sitientibus
1619 314 1727 365 aris

116 381 361 450 Vtraque
404 383 565 453 digna
606 382 730 434 coli!
795 383 954 434 Tanti
996 403 1130 452 quae
1172 404 1330 438 causa
1369 387 1606 439 furoris?

118 454 289 518 Quam
328 475 446 508 mea
484 457 570 509 vel
608 457 755 508 tenui
797 457 938 508 dicto
978 457 1301 527 Proserpina
1341 461 1537 513 laesit?

120 528 335 581 Scilicet
376 534 468 582 aut
509 532 644 582 caris
684 531 893 599 pepulit
932 535 1008 601 te,
1047 532 1225 601 Delia,
1268 534 1416 586 silvis
1727 549 1811 589 285

113 601 227 655 Aut
267 603 371 655 tibi
412 604 724 656 commissas
764 605 968 674 rapuit,
1009 605 1277 677 Tritonia,
1316 627 1539 678 pugnas.

113 675 203 729 An
241 678 424 749 gravis
465 678 717 746 eloquio?
756 683 966 730 vestros
1007 698 1075 731 an
1114 679 1253 731 forte
1293 683 1510 749 petebat

112 749 430 820 Importuna
470 752 701 804 choros?
762 751 936 820 Atqui
976 753 1254 805 Trinacria
1293 755 1476 826 longe,

112 825 276 877 Esset
313 844 381 877 ne
419 825 574 878 vobis
617 826 788 895 oneri,
830 827 1038 878 deserta
1080 828 1304 880 colebat.

112 898 252 961 Quid
289 899 515 951 latuisse
553 900 739 952 iuvat?
800 900 1030 952 Rabiem
1069 901 1256 954 livoris
1298 903 1476 955 acerbi
1725 921 1811 959 ς290

107 972 276 1025 Nulla
315 977 496 1042 potest
535 975 746 1042 placare
790 975 974 1042 quies,³

1038 1049 1139 1101 His
1180 1050 1422 1120 increpat
1464 1070 1648 1104 omnes

106 1120 362 1173 Vocibus,
425 1120 529 1173 Ast
570 1122 694 1174 illae
737 1121 1013 1193 (prohibet
1056 1125 1320 1176 sententia
1359 1124 1554 1197 patris)

106 1194 221 1247 Aut
261 1195 488 1248 reticent
529 1200 620 1248 aut
660 1215 820 1248 nosse
859 1202 1060 1268 negant
1101 1217 1465 1267 responsaque
1504 1202 1664 1252 matri

106 1268 252 1320 Dant
291 1269 554 1322 lacrimas.
631 1270 769 1332 Quid
809 1273 972 1341 agat?
1045 1272 1254 1324 Rursus
1298 1292 1351 1325 se
1390 1273 1533 1326 victa
1573 1276 1806 1329 remittit

105 1341 275 1411 Inque
314 1343 547 1395 humiles
590 1344 807 1396 devecta
846 1364 1053 1413 preces:

1090 1419 1396 1491 eIgnoscite,
1438 1422 1484 1473 si
1525 1423 1656 1491 quid
1720 1439 1804 1478 295

103 1489 372 1543 Intumuit
410 1491 608 1561 pietas,
651 1492 697 1544 si
739 1493 870 1560 quid
908 1494 1227 1564 flagrantius
1269 1499 1470 1565 actum,

104 1564 275 1627 Quam
313 1565 542 1617 miseros
584 1566 774 1619 decuit.
841 1566 1078 1636 Supplex
1117 1568 1526 1638 miserandaque
1564 1573 1761 1624 vestris

99 1638 378 1691 Advolvor
417 1640 670 1710 genibus:
711 1641 870 1692 liceat
912 1660 1233 1712 cognoscere
1275 1647 1490 1696 sortem.

99 1712 219 1765 Hoc
259 1717 473 1765 tantum
511 1714 696 1766 liceat:
738 1719 913 1767 certos
953 1715 1207 1768 habuisse
1249 1717 1474 1770 dolores

102 1786 248 1840 Scire
286 1791 436 1858 pet0,
477 1807 612 1856 quae
652 1789 826 1841 forma
865 1790 1017 1860 mali,
1059 1809 1450 1860 quamcumque
1491 1792 1716 1846 dedistis

96 1861 418 1931 Fortunam,
460 1863 531 1914 sit
570 1866 721 1915 nota:
762 1864 932 1916 feram
972 1865 1252 1933 fatumque
1291 1866 1495 1934 putabo
1506 1911 1520 1936 ,
1710 1884 1795 1922 301

97 1935 226 1989 Non
267 1936 453 1988 scelus,
517 1934 869 2008 Adspectum,
908 1957 1121 2009 precor,
1161 1940 1440 2011 indulgete
1479 1942 1715 2013 parenti3

96 2009 225 2063 Non
263 2013 514 2079 repetam.
581 2010 834 2073 Quaesita
872 2031 1035 2064 manu
1076 2031 1293 2065 securus
1333 2015 1530 2066 habeto

99 2083 357 2152 Quisquis
399 2103 476 2155 es3
518 2085 740 2137 adfirmo
780 2086 1054 2157 praedam3
1096 2087 1293 2139 desiste
1332 2089 1518 2141 vereri.

97 2158 299 2220 Quodsi
337 2177 438 2210 nos
480 2159 662 2227 aliquo
702 2160 978 2228 praevenit
1018 2161 1231 2213 foedere
1271 2165 1483 2232 raptor,
1710 2178 1796 2217 305

96 2232 178 2283 Tu
219 2235 382 2302 certe,
420 2233 654 2302 Latona,
694 2234 854 2285 refer:
898 2235 1141 2286 confessa
1181 2235 1356 2287 Diana

93 2305 257 2358 Forte
296 2307 415 2359 tibi.
478 2306 643 2360 Nosti
685 2308 815 2375 quid
856 2308 926 2360 sit
965 2308 1193 2378 Lucina,
1234 2309 1355 2377 quis
1395 2309 1588 2362 horror

92 2379 199 2432 Pro
241 2380 438 2451 genitis
480 2385 532 2433 et
574 2385 807 2449 quantus
849 2401 1018 2452 amor,
1057 2387 1352 2451 partusque
1392 2384 1572 2436 tulisti

95 2454 176 2506 Tu
217 2455 484 2525 geminos:
525 2455 654 2507 haec
694 2475 801 2507 una
840 2456 987 2509 miln'.
1053 2456 1139 2509 Sic
1181 2457 1325 2509 crine
1364 2458 1560 2510 fruaris

97 2528 316 2597 Semper
354 2528 670 2600 Apollineo,
712 2530 787 2582 sic
825 2549 910 2582 me
951 2531 1159 2583 felicior
1199 2550 1389 2583 aevum
1709 2548 1795 2588 310

95 2601 270 2655 Mater
310 2604 474 2674 agas³

444 2727 447 2728 γ
548 2678 739 2749 Largis
780 2682 910 2731 tunc
948 2679 1214 2731 imbribus
1257 2698 1350 2731 ora
1389 2680 1717 2734 madescunt.

94 2749 289 2812 ‘QuidP
329 2753 544 2803 tantum
584 2752 808 2823 dignum
846 2753 962 2804 fleri
1003 2753 1330 2824 dignumque
1370 2755 1573 2807 taceri?

91 2822 197 2875 Hei
237 2823 396 2894 mihi,
437 2825 714 2878 discedunt
756 2845 953 2879 omnes
1026 2827 1166 2889 Quid
1203 2846 1340 2881 vana
1379 2829 1608 2881 morari-s

91 2895 371 2950 Vlterius‘?
409 2918 520 2952 non
558 2900 701 2953 bella
739 2902 919 2970 palam
960 2901 1209 2954 caelestia
1251 2903 1457 2955 sentis?

1341 2990 1428 3033 19*
