2044 3220
246 152 574 198 CARMINVM
604 150 897 196 MINORVM
928 151 1247 207 APPENDIX,
1286 167 1323 198 c.
1359 153 1600 197 lX—XIV.
1679 153 1784 206 307

95 287 293 358 Tangit
335 287 495 340 odore
535 287 638 339 levi
679 289 731 338 et
772 289 927 356 grato
969 286 1255 354 spiramine
1295 305 1450 340 nares

93 361 254 413 Lenis
294 365 346 413 et
387 364 633 412 externas
674 359 953 411 admittere
993 360 1204 412 nescius
1245 364 1400 413 artes
1734 376 1786 414 10

206 434 328 486 Huc
370 434 494 486 ades
535 452 565 486 o
604 432 829 485 Florens
871 436 922 484 et
962 433 1099 484 festa
1139 434 1256 486 luce
1296 435 1476 486 relaxa

93 507 292 561 Mentis
320 526 453 560 onus
477 506 807 573 nebulasque
841 505 985 576 fuga,
1019 524 1152 574 quae
1178 507 1373 560 frontis
1396 508 1653 561 honorem
1658 550 1786 563 .....

877 694 997 738 XIII.

686 804 775 852 DE
816 803 1194 853 VINALIBVS.

200 902 327 957 Non
366 903 469 957 tibi
507 902 631 956 vina
667 902 905 971 placent,
947 921 976 955 o
1017 902 1333 956 insanabilis
1373 904 1606 972 hospes?

89 977 203 1030 Nec
242 995 393 1029 mens
434 980 515 1029 est
555 976 808 1029 Thebana
847 977 971 1047 tibi,
1011 977 1137 1029 licet
1177 996 1371 1048 aggere
1412 979 1553 1031 celso

88 1051 345 1103 Dircaeae
384 1050 534 1119 rupis
574 1050 718 1102 dicas
757 1051 977 1102 fluxisse
1016 1052 1301 1119 parentes?

197 1124 412 1177 Vertice
453 1124 515 1176 de
554 1123 735 1193 Nysae
774 1142 870 1192 per
908 1142 1034 1176 rura
1073 1128 1125 1177 et
1163 1128 1350 1177 nostra
1389 1126 1599 1195 Lyaeus

89 1198 325 1250 Transiit
364 1198 714 1266 implevitque
753 1198 867 1250 vias
906 1198 1249 1269 nigrantibus
1288 1199 1421 1252 uvis,
1756 1214 1781 1253 5

87 1271 269 1324 Musta
310 1272 401 1324 siti
440 1271 622 1340 posuit
660 1275 835 1341 pater,
875 1275 927 1324 et
965 1290 1076 1324 non
1113 1276 1354 1341 tempore
1394 1273 1460 1325 ab
1499 1273 1595 1326 illo

87 1345 372 1398 Desierant
411 1345 542 1398 haec
582 1363 730 1398 sacra
771 1345 874 1397 coli
913 1349 1203 1414 vatumque
1244 1364 1439 1399 sonoro

90 1418 335 1472 Carmine
377 1418 607 1471 Mincius
649 1422 700 1471 et
742 1419 973 1487 strepuit
1014 1420 1317 1472 circumsita
1357 1421 1474 1489 ripa

85 1492 352 1546 Fluminis
391 1492 611 1546 Etrusci
652 1511 809 1561 quem
848 1511 958 1545 non
997 1494 1248 1561 aequabit
1290 1492 1533 1548 Orontes,

870 1696 990 1741 XIV.

701 1807 790 1854 DE
834 1805 1159 1855 CYTHERA.

193 1904 356 1957 Forte
396 1907 509 1956 erat
548 1903 790 1956 Aurorae
828 1907 1041 1972 tempus
1082 1904 1329 1973 Solisque
1371 1905 1630 1977 quadriga

80 1978 301 2031 Fecerat
341 1982 393 2030 et
431 1981 650 2030 ventum
690 1981 742 2030 et
783 1978 1020 2030 sonitum
1057 1997 1152 2047 per
1191 1978 1373 2031 nobile
1412 1997 1647 2033 marmor

81 2052 367 2106 Adstantis
406 2051 581 2121 pueri,
621 2069 742 2104 cum
781 2055 857 2122 te,
896 2070 1013 2104 mea
1052 2053 1195 2104 bella
1238 2051 1489 2123 Cythere7

81 2125 340 2196 Adspicio
380 2126 681 2178 venientem
721 2128 774 2177 et
812 2129 875 2178 tu
912 2144 1030 2177 mea
1068 2125 1253 2178 limina
1294 2129 1449 2196 grato

81 2200 318 2253 Introitu
357 2199 577 2270 dignata
615 2217 766 2251 rosas
807 2202 860 2251 et
899 2199 1035 2251 lenis
1076 2200 1273 2251 amomi
1750 2214 1776 2254 5

81 2274 315 2327 Delicias
355 2273 518 2326 miras
558 2276 735 2325 tecum
775 2272 983 2342 adlicis7
1022 2273 1160 2325 unde
1203 2276 1412 2325 secutae

80 2348 319 2401 Palladis
359 2351 411 2399 et
452 2347 668 2399 frondes
706 2347 1016 2415 nulliusque
1054 2347 1222 2399 inscia
1261 2347 1460 2399 laurus,

79 2421 237 2474 Atria
275 2425 463 2475 nostra
501 2421 698 2491 virent,
739 2424 791 2473 et
832 2424 999 2491 agunt
1038 2421 1095 2473 in
1133 2421 1316 2473 limine
1355 2420 1528 2490 primo

79 2496 334 2549 Radicem
372 2495 601 2566 platani3
641 2495 708 2548 ad
745 2498 958 2564 portam
997 2495 1143 2547 venit
1183 2495 1407 2548 arbutus
1445 2494 1632 2565 ipsam.

78 2569 232 2622 Felix
270 2570 441 2622 multa
481 2569 665 2639 arbos,
703 2569 921 2621 imitans
961 2569 1217 2622 miracula
1262 2568 1415 2622 Pindi
1721 2584 1774 2623 10

82 2643 227 2707 Quae
265 2662 377 2696 non
414 2643 613 2696 delebit
651 2643 790 2696 livor
827 2661 925 2696 nec
966 2661 1081 2695 sera
1112 2647 1366 2696 vetustas,

194 2716 238 2770 Ο
277 2717 508 2770 iucunda
545 2717 730 2788 nimiS‚
768 2717 917 2770 tenui
958 2735 1091 2785 quae
1130 2717 1244 2769 visa
1283 2720 1496 2788 poetae,

82 2791 228 2845 Dum
269 2791 438 2844 credis
477 2791 669 2844 vitium
707 2810 818 2844 non
858 2791 1159 2844 auscultare
1202 2790 1460 2844 Camenis,

202 2951 312 2995 XIII
346 2956 371 2996 6
405 2949 503 3010 siti]
537 2952 744 3009 Birtius;
777 2952 882 2997 sibi.

1326 3026 1416 3068 20*
