2044 3220
143 113 388 171 (XXVIII.)
421 112 851 158 PANEGYRICVS
884 112 963 156 DE
999 113 1195 158 SEXTO
1230 115 1696 162 CONS.HONOR11.
1734 119 1839 171 185

140 247 511 319 Concideram3
552 249 784 317 stipatus
826 248 998 301 adhuc
1039 250 1387 319 equitumque
1428 253 1657 305 catervis

137 321 354 394 Integer
394 323 461 375 ad
498 325 709 375 montes
749 322 958 391 reliquo
1001 341 1121 376 cum
1161 325 1354 378 robore
1397 326 1546 396 cessi,
1750 342 1835 381 285

137 396 282 460 Quos
322 396 704 466 Appenninum
742 397 1043 466 perhibent.
1122 397 1279 451 Hunc
1322 418 1437 452 esse
1477 401 1683 454 ferebat

132 469 339 541 Incola,
381 471 474 540 qui
516 470 757 524 Siculum
795 476 1074 540 porrectus
1116 472 1182 524 ad
1220 492 1390 542 usque
1431 474 1685 528 Pelorum

132 544 362 598 Finibus
402 545 468 597 ab
507 545 771 616 Ligurum
809 545 1042 614 populos
1084 547 1459 615 complectitur
1501 568 1683 602 omnes

132 619 326 673 Italiae
366 619 747 691 geminumque
787 620 931 672 latus
974 620 1297 691 stringentia
1338 622 1498 693 longe

131 694 376 763 Vtraque
414 697 673 776 perpetuo
716 694 1050 746 discriminat
1091 713 1323 763 aequora
1361 700 1553 749 tractu,
1749 713 1833 752 290

131 767 280 821 Haec
320 787 419 839 ego
461 767 776 820 continuum
818 769 864 820 si
903 788 998 837 per
1037 769 1164 851 iuga
1204 770 1421 822 tendere
1464 789 1693 842 cur,sum

131 842 208 896 Vt
247 843 396 913 prior
434 841 602 895 iratae
640 843 817 895 fuerat
859 843 1124 895 sententia
1164 844 1348 913 menti,

130 916 247 970 Iam
288 917 565 986 desperata
605 917 900 970 voluissem
939 917 1080 987 luce,
1122 918 1251 986 quid
1288 919 1470 971 ultra?

133 990 399 1044 Omnibus
441 995 749 1060 oppeterem
789 992 931 1043 fama
972 962 1174 1044 maiore
1213 993 1474 1062 perustis!

128 1065 204 1118 Et
246 1070 386 1118 certe
426 1066 660 1118 moriens
699 1066 922 1135 propius
962 1070 1038 1136 te,
1077 1066 1272 1136 Roma,
1312 1067 1563 1137 viderem,
1747 1082 1831 1122 295

128 1139 361 1209 Ipsaque
398 1158 495 1209 per
535 1141 707 1192 cultas
750 1144 958 1211 segetes
997 1159 1143 1192 mors
1183 1146 1371 1193 nostra
1413 1145 1596 1194 secuto
1686 1187 1688 1189 ,

127 1214 342 1267 Victori
383 1214 638 1267 damnosa
678 1215 945 1267 10101.-
988 1214 1093 1268 Sed
1129 1215 1359 1286 pignora
1398 1215 1557 1268 nobis

128 1288 408 1341 Romanus
450 1307 706 1357 carasque
744 1308 914 1342 nurus
953 1289 1311 1358 praedamque
1351 1290 1584 1342 tenebat.
1625 1322 1698 1327 —

127 1362 249 1416 Hoc
287 1362 462 1433 magis
503 1367 745 1415 exertum
783 1381 1026 1431 raperem
1067 1363 1392 1416 succinctior
1431 1383 1637 1435 agmen.

241 1436 410 1506 Heu,
452 1436 648 1505 quibus
680 1437 914 1508 insidiis,
956 1456 1059 1506 qua
1092 1456 1176 1489 me
1210 1438 1557 1491 circumdedit
1592 1442 1704 1490 3110
1746 1453 1832 1493 300

125 1510 333 1564 Fatalis
374 1529 582 1579 semper
623 1510 879 1564 Stilicho!
957 1511 1102 1564 Dum
1140 1531 1357 1580 parcere
1397 1513 1571 1584 fingit,

126 1585 363 1638 Rettulit
402 1585 630 1637 hostiles
672 1586 881 1638 animos
921 1585 1230 1654 bellumque
1270 1605 1514 1639 remenso

126 1659 350 1713 Evaluit
389 1660 682 1712 transferre
721 1659 883 1712 Pado,
961 1660 1068 1712 Pro
1109 1660 1323 1713 foedera
1366 1680 1523 1714 saevo

126 1733 411 1787 Deteriora
450 1734 607 1805 iugo!
669 1738 798 1787 tunc
838 1734 920 1787 vis
962 1734 1198 1787 extincta
1242 1734 1525 1790 Get-artum

127 1808 277 1860 Tunc
315 1808 473 1878 mihi,
520 1812 650 1860 tunc
688 1809 859 1861 letum
896 1809 1095 1881 pepigi.
1174 1809 1484 1862 Violentior
1524 1809 1687 1862 armis
1744 1824 1829 1864 305

129 1880 393 1934 Omnibus
435 1887 708 1953 expugnat
746 1886 902 1935 nostr
905 1902 991 1935 am
1031 1883 1313 1936 clementia
1353 1888 1585 1967 gentem,

127 1955 275 2009 Mars
315 1956 532 2039 gravior
573 1957 672 2008 sub
711 1975 842 2039 pace
881 1957 1036 2027 13101,
1078 1958 1366 2027 capiorque
1405 1959 1646 2011 vicissim

123 2029 429 2084 Fraudibus
468 2030 584 2099 ipse
623 2031 770 2083 111013.
850 2029 982 2093 Quis
1021 2001 1130 2084 1313
1171 2033 1371 2084 3013013
1409 2033 1553 2085 fesso

131 2104 498 2158 Consiliumve
541 2105 728 2158 dabit?
806 2103 995 2157 Socius
1036 2107 1337 2175 suspectior
1375 2106 1546 2158 hoste.

240 2177 446 2248 ‘Atque
485 2179 697 2232 utinam
737 2183 958 2232 cunctos
998 2179 1239 2232 licuisset
1278 2181 1498 2248 perdere
1537 2180 1703 2232 bello!
1744 2194 1830 2233 310

127 2252 272 2307 Nam
313 2254 560 2322 quisquis
602 2254 733 2306 duro
777 2253 966 2306 cecidit
1007 2254 1318 2324 certamine,
1356 2273 1652 2322 numquam

125 2327 341 2381 Desinit
381 2346 496 2380 esse
535 2347 700 2381 meus,
778 2327 973 2380 Melius
1013 2347 1267 2381 mucrone
1306 2329 1558 2398 perirent,

125 2401 487 2471 Auferretque
525 2403 659 2454 mihi
697 2402 850 2455 luctu
888 2403 1087 2455 leviore
1129 2403 1337 2455 sodales

125 2475 286 2528 Victa
325 2495 516 2529 manus
557 2495 718 2546 quam
757 2477 901 2529 laesa
942 2477 1088 2530 fides,
1165 2476 1434 2530 Nullusne
1476 2477 1732 2530 clientum

124 2549 449 2603 Permanet?
489 2552 679 2603 offensi
720 2552 965 2622 comites,
1007 2552 1162 2604 odere
1201 2552 1506 2620 propinqui.
1743 2566 1826 2606 315

128 2623 268 2687 Quid
306 2643 488 2677 moror
524 2625 755 2678 invisam
794 2626 1010 2678 lucem?
1052 2644 1155 2694 qua
1197 2626 1318 2678 sede
1357 2626 1642 2679 recondam

125 2697 415 2770 Naufragii
454 2699 758 2771 fragmenta
797 2700 939 2752 mei?
980 2718 1180 2768 quaeve
1221 2718 1347 2752 arva
1387 2701 1671 2770 requiram,

126 2771 193 2825 In
232 2773 428 2841 quibus
466 2773 613 2826 haud
650 2793 906 2842 umquam
947 2772 1173 2827 Stilicho
1219 2775 1551 2843 nimiumque
1589 2776 1828 2844 potentis

126 2845 317 2899 Italiae
354 2865 553 2900 nomen
588 2851 805 2900 nostras
847 2848 1204 2900 circumsonet
1244 2849 1461 2901 aures?'
1741 2864 1825 2902 319

227 2920 390 2986 ¹Haec
425 2940 728 2975 memorans
767 2923 1005 2975 instante
1045 2922 1230 2992 fugam
1264 2921 1561 2976 Stilichone
1599 2923 1828 2977 tetendit
