2039 3235
562 108 1041 155 ADNOTATIONES
1077 109 1363 155 CRITICAE.
1619 112 1816 156 XXXIX

135 244 227 284 384
259 240 438 298 laurus]
465 239 597 283 libris
624 242 997 297 repugnantibus
1025 242 1190 298 scripsi
1215 257 1297 299 pro
1323 244 1502 295 lauros‚·
1526 243 1661 286 illum
1687 245 1813 288 enim

263 299 584 342 accusativum
616 302 757 354 poeta
793 314 974 356 semper
1012 301 1239 356 praetulit
1270 301 1326 345 cf.
1360 302 1429 346 Bi.
1463 302 1665 346 indicem
1700 317 1734 347 s.
1767 318 1811 348 v.

113 358 172 401 11
196 361 223 400 8
255 359 420 416 medio]
456 360 520 401 sic
554 357 663 401 dedi
702 358 974 402 melioribus
1014 359 1148 402 libris
1181 359 1355 403 V¹PH
1383 361 1666 416 obsequens,
1708 375 1813 404 cum

256 416 425 472 reliqui
456 416 684 460 haberent
714 419 920 462 mediam.
977 417 1093 461 illud
1127 422 1286 461 autem
1319 419 1593 474 exquisitius
1626 420 1814 465 videtur

258 475 494 531 habetque
536 476 806 532 analogiam
855 476 979 532 apud
1020 476 1285 533 Vergilium
1326 484 1452 523 nocte
1499 481 1621 524 volat
1666 481 1812 524 medio

255 536 371 579 caeli
401 541 644 591 teeraeque
676 512 748 578 oet
777 535 919 591 paulo
953 535 1176 578 audacius
1210 536 1334 591 apud
1366 540 1574 580 nostrum
1609 538 1810 595 legimus

256 594 318 636 VI
350 607 473 638 cons.
505 593 624 636 Hon.
651 598 735 637 212
777 596 912 675 bens
949 596 1123 638 medio
1160 595 1321 639 Padus
1360 597 1531 640 arbi-ter
1568 599 1666 642 ibat
1704 598 1734 640 i.
1769 612 1808 641 e.

255 651 369 696 belli
401 654 449 695 et
486 655 656 695 Romae
687 653 892 697 medio
895 656 947 698 in
979 655 1057 698 der
1081 653 1216 698 Mitte
1239 656 1456 698 menschen
1482 656 1810 713 K-ri-eysschau

247 712 378 768 plata
408 713 506 755 und
536 711 688 756 Rom'.

163 773 221 812 52
259 771 397 814 Theo
396 770 581 827 Zosium]
616 770 672 813 cf.
707 784 826 825 quae
860 770 1084 814 adnotavi
1117 771 1176 814 ad
1207 784 1372 827 paneg.
1406 771 1542 816 Prob.
1571 777 1641 816 51.

160 833 220 872 69
239 843 337 884 sqq.
372 829 429 872 de
453 829 620 873 horum
645 844 747 873 vers
752 845 861 873 uum
888 843 1025 873 sensu
1042 829 1229 885 longius
1248 831 1440 886 exposui
1459 830 1583 887 apud
1600 831 1803 875 Birtium

254 888 315 931 ad
346 903 388 931 v.
417 894 484 934 71.

160 950 219 990 89
251 948 514 1005 smaragdo]
548 947 807 991 rectissime
841 961 944 991 cum
977 947 1013 990 E
1047 947 1166 1004 legit
1198 947 1385 1000 Bittius,
1417 950 1470 991 ut
1499 947 1678 991 vitetur
1708 963 1806 993 mo-

252 1005 400 1050 lestus
439 1006 489 1049 in
526 1007 618 1050 fine
664 1006 806 1050 trium
855 1021 1073 1050 versuum
1120 1006 1442 1062 sigmatismus
1484 1010 1543 1063 (v.
1571 1011 1626 1050 88
1667 1009 1806 1063 bacis,

249 1079 292 1110 v.
319 1070 374 1109 89
406 1068 673 1124 smaragdis,
705 1081 748 1110 v.
775 1070 830 1109 90
862 1067 1156 1123 hyacinthis).

159 1127 218 1168 90
249 1125 576 1182 redwndantes]
611 1139 715 1168 cum
739 1125 885 1168 VPH
904 1125 1122 1181 praetuli,
1155 1125 1266 1180 quia
1289 1124 1457 1169 fortius
1483 1128 1555 1169 est
1580 1128 1628 1169 et
1652 1127 1803 1182 magis

248 1183 506 1239 poeticum;
539 1186 794 1228 renidentes
817 1200 866 1239 φ.

131 1246 216 1285 136
247 1243 473 1300 Interius]
508 1243 565 1288 cf.
598 1242 860 1299 Birtiump
866 1242 1017 1287 C.Xl.

130 1305 219 1345 154
247 1303 330 1346 sub
361 1307 401 1346 te
433 1303 569 1360 quod]
602 1302 761 1357 ABA,
794 1258 913 1357 quae
946 1301 1208 1346 conlocatio
1244 1302 1489 1345 verborum
1528 1302 1677 1345 multo
1713 1303 1805 1347 ele-

249 1360 436 1417 gantior
466 1361 712 1428 magisque
745 1375 802 1405 ex
832 1376 919 1404 usu
950 1367 1116 1417 poetae
1151 1374 1250 1404 esse
1276 1362 1464 1405 videtur
1487 1364 1738 1417 potestque
1763 1362 1802 1405 E

249 1419 536 1476 adprobasse
568 1423 617 1464 in
647 1425 702 1465 A.

129 1481 214 1522 183
247 1480 347 1537 hoc]
383 1478 449 1522 sic
482 1493 640 1522 omnes
673 1478 786 1523 boni
817 1478 941 1532 libri,
975 1479 1100 1534 quod
1132 1479 1429 1522 retinendum
1459 1479 1639 1535 putavi.

128 1541 215 1581 185
248 1539 429 1596 optant]
471 1537 537 1581 sic
576 1537 687 1581 libri
726 1540 913 1594 praeter
944 1538 1049 1588 VP,
1098 1538 1178 1593 qui
1219 1538 1447 1593 praebent
1485 1544 1673 1594 aptant;
1721 1539 1804 1582 sed

246 1597 366 1641 illud
398 1597 750 1640 commendatur
782 1597 967 1641 conlato
1000 1596 1159 1640 Persio
1186 1596 1228 1639 V
1254 1601 1294 1640 2.
1349 1596 1510 1652 itaque
1536 1611 1699 1641 sensus
1724 1597 1804 1641 hic

248 1659 340 1700 est:
373 1655 523 1711 legati
546 1657 795 1713 praesente
821 1655 1028 1699 Honorio
1054 1655 1376 1699 laudationem
1404 1655 1641 1700 stiliconis
1667 1656 1802 1700 habi·

246 1715 342 1758 turi
371 1714 569 1758 solemni
594 1717 782 1759 exordio
808 1717 1017 1767 utuntur,
1042 1716 1225 1758 utinam
1250 1717 1471 1758 centenas
1495 1729 1633 1759 voces
1657 1715 1802 1760 habe-

246 1778 422 1817 remus!
458 1775 580 1817 sicut
603 1775 703 1830 ipse
727 1776 867 1830 poeta
891 1778 1052 1817 noster
1076 1775 1125 1817 in
1147 1773 1259 1818 Pan.
1284 1774 1420 1818 Prob.
1445 1789 1488 1818 v.
1509 1780 1578 1818 55.
1628 1774 1802 1818 similia

248 1833 514 1889 composuit
543 1833 734 1876 Iahnius
766 1833 815 1875 in
848 1833 920 1877 ed.
952 1832 1115 1877 Persii.

127 1896 212 1936 186
247 1893 406 1950 limite]
451 1892 644 1936 idoneos
676 1894 823 1935 testes
863 1906 956 1935 non
994 1892 1139 1936 habet
1177 1892 1293 1935 haec
1332 1891 1494 1947 lectio,
1543 1892 1635 1937 11131
1674 1894 1800 1959 quod

245 1951 639 1994 verisimillimum
670 1954 743 1994 est
766 1951 957 1995 limine'
945 1966 994 1994 111
1017 1951 1104 1994 VP
1137 1965 1193 1994 ex
1215 1950 1321 2006 ipsa
1346 1929 1576 2007 originem
1601 1952 1798 2008 cepisse.

245 2011 433 2054 militem
465 2013 623 2053 autem
653 2012 866 2054 inermem
896 2024 1119 2064 umquam
1159 2009 1336 2052 dictum
1369 2024 1469 2054 esse
1513 2011 1799 2067 negaverim

128 2073 211 2113 191
240 2070 526 2126 possideant]
562 2070 683 2111 hunc
716 2068 1064 2111 coniunctivum
1093 2070 1286 2125 propter
1311 2068 1458 2112 solam
1481 2069 1550 2112 rei
1574 2070 1800 2114 metricae

244 2129 475 2172 rationem
506 2130 695 2184 poetam
726 2126 938 2183 posuisse
972 2127 1180 2183 adparet.

126 2192 213 2232 197
244 2187 383 2230 huius
417 2201 575 2230 versus
609 2200 796 2230 sensum
828 2185 1114 2230 sufficienter
1145 2185 1241 2228 iam
1275 2185 1504 2229 Gesnerus
1538 2186 1797 2240 explicasse

245 2245 364 2289 mihi
394 2245 605 2300 videtur3
640 2248 845 2289 ceterum
879 2245 1156 2290 Skutschius
1189 2245 1426 2289 Catullum
1460 2245 1609 2288 XXXI
1633 2250 1658 2288 5
1692 2260 1800 2290 con—

245 2305 487 2350 serendum
519 2319 620 2348 esse
652 2307 824 2349 monet.

126 2369 212 2409 198
246 2365 456 2409 Eat-sectis
460 2365 562 2422 que]
612 2364 668 2407 de
715 2363 967 2407 iteratione
1016 2362 1211 2419 copulae
1258 2377 1396 2407 neces
1380 2362 1527 2406 ssaria
1570 2363 1627 2408 cf.
1660 2363 1800 2408 Birtii

245 2423 392 2480 praef.
424 2422 670 2479 p.CCX11,
703 2437 842 2479 quem
874 2425 1058 2466 secutus
1092 2436 1208 2466 sum.

124 2488 212 2528 225
245 2483 480 2540 adnuerzt]
514 2484 641 2526 recte
672 2483 853 2538 recepit
884 2482 1122 2538 proximus
1155 2480 1320 2534 editor,
1354 2481 1477 2535 quod
1504 2481 1690 2525 omissis
1717 2482 1799 2537 eis,

246 2555 366 2597 quae
391 2541 508 2586 ille'
495 2556 592 2585 lam
617 2541 846 2597 exposuit,
875 2541 1100 2597 probatur
1124 2540 1198 2583 vel
1222 2542 1486 2595 temporum
1510 2541 1801 2597 contempla-

244 2601 395 2653 tione·
435 2614 603 2667 nempe
644 2600 968 2644 coniunctivus
1004 2598 1203 2655 perfecti
1235 2598 1311 2642 vel
1342 2599 1550 2642 futurum
1583 2604 1799 2644 exactum

247 2660 463 2716 exigitur.
519 2659 556 2702 ii
588 2673 697 2703 vero
729 2659 1062 2714 manuscripti,
1096 2657 1178 2712 qui
1210 2658 1406 2701 alteram
1437 2672 1687 2714 personam
1719 2660 1800 2703 ob-

244 2719 414 2774 ferunt,
447 2718 797 2762 coniunctivum
829 2718 1006 2762 habent
1036 2717 1261 2773 temporis
1285 2717 1550 2774 imperfecti
1573 2733 1799 2765 annueres

246 2791 392 2834 eoque
424 2777 535 2820 falsi
566 2780 895 2835 coarguuntur.

124 2842 213 2882 240
245 2836 460 2894 dominis]
496 2836 562 2880 sic
591 2836 629 2880 Ε
663 2851 769 2880 cum
802 2835 1017 2890 adseclis,
1051 2835 1176 2890 quod
1205 2834 1411 2891 praetuli
1443 2849 1548 2878 cum
1577 2835 1797 2894 Gesnero,

245 2896 356 2952 quia
387 2897 552 2940 fortius
585 2897 670 2940 est.
