2044 3220
158 139 186 190 1
195 137 266 190 20
699 133 768 178 CL
775 132 942 177 AVDII
973 130 1279 176 CLAVDIAN
1283 131 1303 174 Ι

831 267 1117 320 Dicturum
1155 267 1311 336 plura
1349 270 1627 335 parentem

153 346 302 398 Voce
344 343 513 396 subis:
568 342 873 410 ‘Equidem‚
911 341 1126 394 faveant
1165 341 1324 393 modo
1362 340 1584 392 numina
1622 339 1853 410 coeptiS‚

155 420 302 472 Haec
345 418 530 470 effecta
570 416 730 485 dabo,
768 434 866 468 nec
903 434 987 467 me
1027 415 1288 483 fratrique
1327 414 1536 482 tibique

158 492 490 546 Dissimilem
529 490 716 560 populi
758 489 1146 557 commissaque
1187 507 1351 559 regna
1390 487 1661 540 videbunt.
1764 501 1851 541 355

161 567 263 620 Sed
304 584 398 618 cur
435 583 547 618 non
582 564 788 633 potiuS‚
827 563 1005 615 verbis
1047 581 1181 631 quae
1222 561 1460 632 disseris,
1497 580 1601 613 usu

160 638 462 710 Experior?
542 636 757 691 Gelidas
798 640 938 689 certe
977 655 1119 689 nunc
1158 635 1333 688 tendis
1372 635 1430 687 in
1467 633 1648 704 Alpes,

159 715 278 768 Duc
317 717 495 765 tecum
535 712 805 780 comitem3
845 711 1038 781 figant,
1079 710 1214 780 sine,
1251 714 1439 762 nostra
1477 713 1767 778 tyrannum

162 787 401 858 Spicula3
439 786 699 855 pallescat
736 788 949 852 nostro,
991 784 1125 853 sine,
1163 783 1427 835 barbarus
1467 801 1605 836 arcu.

157 862 440 915 Italiamne
480 860 649 912 feram
687 858 843 910 furiis
882 857 1167 926 praedonis
1207 857 1384 909 acerbi
1765 869 1853 909 360

161 934 505 990 Subiectam‘?
544 933 721 1002 patiar
759 932 988 984 Romam
1029 931 1226 983 servire
1267 929 1485 982 clienti?

158 1011 344 1078 Vsque
385 1007 584 1060 adeone
623 1006 792 1075 puer‘?
830 1023 927 1057 nec
966 1023 1050 1057 me
1090 1005 1299 1073 polluta
1337 1007 1580 1073 potestas

158 1083 271 1136 Nec
312 1082 401 1151 pia
442 1080 659 1152 cognati
697 1082 885 1150 tanget
924 1079 1160 1130 vindicta
1201 1078 1445 1130 cruoris?

158 1158 263 1211 Per
304 1160 511 1226 strages
553 1154 793 1223 equitare
831 1152 978 1205 libet.
1055 1153 1141 1204 Da
1178 1152 1427 1221 protinus
1470 1169 1631 1204 arma.

165 1231 271 1284 Cur
311 1248 479 1282 annos
522 1228 727 1280 obicis?
766 1244 978 1298 pugnae
1019 1244 1112 1278 cur
1152 1244 1350 1297 arguor
1387 1225 1597 1294 impar?
1769 1239 1856 1280 365

160 1304 419 1373 Aequalis
459 1302 592 1355 mihi
630 1301 873 1370 Pyrrhus
913 1304 1049 1370 erat,
1090 1319 1210 1352 cum
1247 1300 1511 1370 Pergama
1551 1299 1699 1352 solus

159 1379 408 1431 Verteret
449 1382 502 1429 et
540 1376 683 1445 patri
720 1394 831 1428 non
871 1375 1214 1445 degeneraret
1252 1372 1468 1426 Achilli.

160 1453 405 1521 Denique
447 1451 491 1503 si
530 1451 778 1519 princeps
820 1448 1009 1501 castris
1048 1448 1266 1501 haerere
1304 1447 1539 1516 nequibo
1549 1491 1563 1517 ⁷

160 1527 264 1579 Vel
303 1525 456 1578 miles
496 1524 740 1577 veniam.9

837 1596 1056 1648 Delibat
1097 1596 1272 1648 dulc-ia
1310 1596 1425 1648 nati

165 1673 361 1726 Oscula
400 1672 733 1739 miratusque
772 1671 955 1722 refert:
997 1670 1305 1721 ‘Laudanda
1343 1669 1551 1738 petisti3
1769 1683 1857 1722 370

166 1747 269 1800 Sed
308 1746 536 1798 festinus
578 1762 740 1796 amor.
816 1743 1013 1795 Veniet
1052 1743 1328 1795 robustior
1367 1747 1536 1812 aetas3

161 1821 246 1874 Ne
285 1837 526 1889 propera.
601 1817 849 1870 Necdum·
885 1817 1114 1869 decimas
1154 1835 1399 1869 emensus
1439 1816 1632 1868 aristas

162 1893 487 1965 Adgrederis
527 1891 810 1944 metuenda
849 1890 1000 1942 viris:
1040 1890 1269 1961 vestigia
1308 1909 1533 1961 magnae

162 1968 367 2021 Indolis
408 1984 655 2037 agnosco,
733 1964 927 2016 Fertur
963 1964 1233 2034 Pellaeus,
1271 1964 1449 2016 Eoum

166 2042 267 2105 Qui
309 2041 514 2093 domuit
552 2039 776 2108 Porum,
817 2056 936 2090 cum
975 2056 1233 2107 prospera
1274 2056 1429 2107 saepe
1468 2037 1708 2107 Philippi
1770 2051 1856 2091 375

163 2115 410 2184 Audiret⁷
448 2115 621 2186 laetos
659 2113 800 2164 inter
837 2112 1048 2164 flevisse
1089 2112 1297 2164 sodales

163 2189 259 2242 Nil
300 2189 403 2241 sibi
441 2187 760 2240 vincendum
797 2187 968 2254 patris
1007 2186 1206 2238 virtute
1246 2185 1492 2254 relinqui.

164 2263 281 2316 Hos
321 2262 474 2314 video
514 2265 708 2313 motus,
785 2259 890 2312 Fas
933 2260 1002 2312 sit
1040 2259 1355 2328 promittere
1392 2259 1557 2328 patri:

166 2337 371 2389 Tantus
413 2336 530 2388 eris,
607 2333 812 2387 Nostro
851 2352 949 2386 nec
989 2333 1148 2386 debes
1187 2351 1353 2404 regna
1390 2333 1563 2385 favori
1575 2376 1589 2402 ‚

168 2410 312 2473 Quae
352 2409 454 2462 tibi
492 2409 600 2461 iam
638 2411 831 2459 natura
873 2407 1029 2459 dedit.
1109 2406 1196 2458 Sic
1234 2406 1490 2458 mollibus
1532 2407 1661 2458 olim
1767 2421 1855 2461 380

167 2483 405 2537 Stridula
445 2483 730 2535 ducturum
767 2480 938 2549 pratis
978 2480 1220 2532 examina
1259 2497 1440 2550 regem

162 2556 488 2610 Nascentem
525 2558 849 2609 venerantur
887 2572 1013 2623 apes
1053 2558 1104 2606 et
1142 2553 1359 2622 publica
1397 2553 1572 2606 mellis

165 2629 290 2682 Iura
329 2634 521 2699 petunt
558 2629 884 2697 traduntque
922 2628 1097 2697 favos3
1137 2627 1213 2679 sic
1250 2645 1448 2696 pascua
1485 2646 1683 2697 parvus

81 2745 86 2748 .
167 2703 417 2756 Vindicat
457 2709 510 2756 et
546 2703 773 2756 necdum
811 2702 1039 2754 firmatis
1079 2701 1331 2754 cornibus
1371 2701 1544 2754 audax

165 2776 283 2830 Iam
320 2778 459 2848 regit
500 2780 800 2830 armentum
837 2776 1054 2828 vitulus,
1134 2774 1238 2827 Sed
1273 2775 1478 2844 proelia
1518 2775 1670 2828 differ
1768 2789 1856 2830 385

166 2850 233 2903 ln
270 2851 515 2903 iuvenem
553 2850 870 2919 patiensque
909 2868 1087 2902 meum
1127 2867 1247 2900 cum
1286 2849 1451 2900 fratre
1489 2852 1639 2901 tuere

163 2924 255 2977 Me
294 2924 529 2976 bellante
570 2924 761 2976 locum.
837 2922 952 2975 Vos
991 2923 1290 2991 impacatus
1328 2921 1580 2993 Araxess
