2019 3199
95 67 294 112 XXXIV
543 64 1017 110 ADNOTATIONES
1051 65 1347 111 CRITICAE.

485 216 566 268 De
607 219 800 284 quarto
842 216 1126 268 consulatu
1164 215 1410 268 Honorii.

133 324 189 363 30
216 318 431 375 prosunt]
465 316 654 360 restitui
684 318 892 361 veterem
916 317 1178 373 lectionem,
1213 332 1314 361 cum
1343 319 1600 361 auctoritas
1624 317 1808 361 libriH

218 383 413 434 possunt
447 375 692 419 scribentis
726 378 888 419 contra
921 390 1198 420 consensum
1229 376 1534 431 reliquorum,
1556 375 1676 419 mihi
1706 391 1800 420 non

224 435 518 479 satisfaceret
549 449 745 491 cumque
780 435 1014 491 scriptura
1036 435 1245 491 vulgaris
1272 435 1519 492 aptissima
1540 435 1802 488 videretur;

226 494 407 538 scilicet
439 494 501 537 ad
525 501 723 551 prosunt
755 495 1067 551 supplendum
1099 497 1171 538 est
1206 494 1413 550 ο11100113,
1459 494 1542 550 qui
1579 496 1740 539 tamen
1773 508 1803 537 a

221 553 444 597 Romanis
478 553 809 598 debellantur’.

130 619 186 657 33
220 612 439 670 cunuclos]
481 614 680 657 tumulos
717 612 889 656 iterum
922 612 1047 656 solus
1080 615 1147 668 H,
1191 612 1316 667 quod
1356 612 1520 655 eadem
1561 613 1618 656 de
1658 626 1805 656 causa

219 671 382 726 reieci3
417 671 473 716 cf.
501 672 645 715 etiam
672 671 931 715 ‘Gallorum
956 671 1185 714 cumulos'
1216 671 1342 727 apud
1366 671 1551 715 Livium
1573 673 1616 715 X
1641 677 1804 727 29,19.

103 736 184 775 107
214 732 480 788 permixtis]
515 731 570 775 cf.
604 730 746 773 Birtii
777 731 924 787 praef.
957 746 1002 787 p.
1033 730 1162 775 CXII.

103 795 186 834 109
224 791 328 847 ibis]
364 790 420 833 de
454 790 542 833 hoc
575 789 707 833 verbi
740 793 805 834 ire
835 805 923 833 usu
955 790 1011 833 cf.
1046 789 1116 833 Bi.
1150 789 1353 833 indicem
1387 805 1419 835 s.
1445 805 1486 835 v.

104 855 189 892 156
224 849 530 893 difficultates
579 863 696 904 quas
743 849 820 892 hic
871 849 1001 893 locus
1055 848 1168 892 viris
1225 848 1376 892 doctis
1432 850 1803 905 comparaverat,

224 908 493 952 dissolvisse
527 908 644 951 mihi
675 907 839 952 videor
870 908 920 951 in
950 908 1069 952 Mus.
1093 908 1240 951 Rhen.
1269 910 1379 953 tom.
1398 909 1543 952 XLIV
1567 923 1612 964 p.
1633 912 1718 952 587
1735 923 1801 963 sq.

109 974 191 1012 169
225 968 450 1034 mutatur]
484 966 628 1011 libros
661 968 909 1033 plerosque
944 971 991 1010 et
1016 967 1234 1011 meliores
1262 970 1447 1011 secutus
1475 982 1577 1011 sum
1600 966 1807 1023 ideoque

223 1026 653 1083 interpunctionem
685 1026 879 1070 mutavi.

108 1087 192 1130 188
225 1101 327 1130 cum
360 1087 473 1130 luna
507 1087 681 1143 lateret]
713 1099 773 1129 ne
807 1085 909 1141 quis
943 1085 1063 1129 forte
1095 1100 1204 1128 cum
1228 1085 1458 1142 Koenigio
1491 1086 1540 1129 in
1573 1100 1621 1130 re
1655 1087 1806 1130 astro-

222 1144 409 1188 nomica
442 1144 645 1189 offensus
680 1144 959 1189 subditicios
1000 1145 1086 1188 hos
1118 1158 1278 1188 versus
1321 1145 1593 1200 arbitretur,
1635 1158 1804 1189 moneo

221 1204 500 1246 vertendum
547 1217 667 1247 esse:
715 1205 931 1248 wilh-reucl
974 1204 1086 1248 cloch
1123 1206 1258 1248 selbst
1297 1205 1376 1249 der
1415 1205 1565 1249 DIoud
1602 1206 1805 1249 uusicht-

222 1264 306 1307 bar
337 1277 447 1307 war.

106 1325 190 1366 190
223 1322 416 1387 Α-νοΐίε]
428 1323 565 1366 astris
583 1339 632 1375 co,
659 1322 785 1377 quod
810 1322 978 1377 quibus
1005 1322 1062 1365 de
1081 1321 1235 1365 causis
1259 1321 1548 1366 reiciendum
1572 1324 1806 1379 putarem,

226 1380 421 1437 exposui
451 1381 502 1423 in
535 1356 780 1438 Philologo
814 1383 925 1426 tom.
951 1381 1096 1424 XLIX
1131 1397 1175 1437 p.
1203 1386 1288 1425 745
1308 1396 1374 1436 sq.

106 1444 243 1483 233
225 1441 447 1506 aemulas]
474 1440 649 1483 frustra
673 1440 979 1484 difficultates
999 1442 1245 1484 moverunt
1260 1439 1351 1483 viri
1369 1439 1517 1494 docti,
1543 1439 1807 1484 rectissime

226 1499 352 1543 enim
383 1499 641 1579 Koenigius
675 1500 734 1542 ad
765 1514 969 1556 yemmus
1001 1499 1242 1565 supplevit
1272 1505 1450 1544 meutes.
1507 1499 1681 1544 etenim
1709 1502 1806 1544 tres

225 1560 384 1635 partes
419 1558 564 1601 animi
607 1560 720 1602 ‘tres
752 1560 953 1602 mentes’
994 1558 1183 1603 vocavit
1221 1562 1394 1625 poeta,
1428 1559 1623 1615 perinde
1664 1561 1807 1614 atque

227 1617 387 1661 Cicero
428 1617 563 1661 Tusc.
597 1617 618 1660 1
645 1622 700 1660 10
741 1618 994 1661 secundum
1033 1618 1281 1661 Platonem
1321 1619 1526 1661 animum
1566 1617 1805 1674 triplicem

228 1677 258 1721 i.
285 1690 322 1721 0.
359 1677 538 1720 animos
571 1678 667 1720 tres
708 1690 810 1720 esse
848 1676 1010 1721 tradit.
1075 1679 1217 1732 atque
1257 1676 1562 1720 memorabile
1601 1679 1716 1734 puto
1757 1678 1807 1720 in

226 1735 382 1780 verbis
416 1735 654 1780 nonnullis
688 1735 757 1778 ita
790 1736 1033 1779 concinere
1058 1739 1272 1779 nostrum
1297 1750 1399 1779 cum
1427 1736 1662 1780 Ciceronis
1686 1737 1804 1791 1000,

226 1797 279 1838 ut
325 1795 524 1839 fortasse
572 1795 726 1851 ipsum
777 1795 1037 1852 inspexisse
1094 1795 1318 1839 dicendus
1367 1795 1442 1840 sit.
1513 1796 1634 1839 alter
1682 1796 1807 1839 enim

226 1853 457 1898 rationem
482 1857 534 1898 iu
557 1856 704 1910 capite
728 1856 847 1899 sicut
870 1857 922 1898 iu
946 1869 1048 1899 arce
1065 1857 1238 1910 posuit,
1262 1855 1383 1898 alter
1407 1857 1573 1911 capitis
1587 1856 1808 1909 fundavit

229 1915 277 1957 iu
310 1928 436 1969 ανο0,-
484 1915 604 1957 alter
635 1915 933 1971 cupiditatem
964 1919 1119 1970 supter
1144 1916 1419 1970 praecordia
1459 1916 1647 1970 locavit,
1686 1914 1810 1957 alter

227 1975 422 2027 iuferius
463 1973 575 2017 collo
617 2009 625 2017 .
662 2008 670 2017 .
713 1974 901 2026 locavit,·
948 1973 1149 2028 denique
1197 1972 1356 2016 Cicero
1405 1975 1522 2018 duas
1561 1979 1720 2029 partes
1765 1976 1809 2018 ei

220 2046 384 2088 parere
430 2033 595 2087 voluit,
644 2031 930 2076 Claudianus
977 2035 1180 2090 yemiuas
1214 2068 1222 2076 .
1251 2068 1258 2076 .
1287 2068 1295 2076 .
1323 2039 1570 2089 praecepta
1607 2047 1809 2078 summae

227 2093 462 2135 doetrinae
487 2105 724 2147 passuras.
781 2093 987 2135 ceterum
1021 2091 1077 2134 de
1102 2091 1360 2135 Claudiano
1387 2091 1623 2136 Ciceronis
1648 2092 1808 2136 imita-

227 2153 328 2194 tore
362 2150 417 2194 cf.
451 2150 591 2194 Birtii
622 2151 767 2207 praef.
801 2166 845 2206 p.
874 2149 990 2194 CCII
1015 2151 1120 2194 adn.

108 2213 193 2254 266
229 2210 514 2267 Cousulz'tur]
549 2209 606 2253 cf.
635 2209 876 2253 Stoeckeri
907 2209 1122 2253 libellum
1154 2209 1236 2264 qui
1259 2209 1532 2253 inscribitur
1558 2210 1644 2253 ‘De
1670 2209 1805 2254 Clau-

227 2268 359 2311 diani
381 2282 536 2311 rerum
559 2269 879 2311 Romanarum
904 2268 1120 2312 scientia’
1148 2268 1297 2324 Marp.
1327 2273 1440 2313 1889
1472 2284 1516 2325 p.
1546 2273 1615 2325 75,
1642 2284 1806 2325 quam-

228 2342 369 2382 quam
408 2342 503 2371 non
541 2328 690 2371 taceri
732 2328 873 2372 debet
914 2329 1040 2385 apud
1080 2328 1353 2371 Sallustium
1386 2327 1483 2372 Cat.
1512 2333 1589 2384 51,
1616 2333 1641 2372 6
1681 2328 1807 2372 hanc

226 2386 515 2430 locutionem
548 2387 732 2430 diverso
767 2401 907 2430 sensu
939 2401 1039 2431 esse
1072 2388 1289 2443 positam.

108 2448 194 2489 278
226 2447 476 2504 suspectus]
510 2460 593 2501 pro
625 2447 844 2503 suspicax
877 2446 1202 2502 accipiendum
1234 2459 1335 2489 esse
1366 2448 1494 2490 recte
1526 2446 1710 2490 monuit
1734 2446 1807 2492 Bi.

227 2505 277 2547 in
306 2504 462 2548 indice
497 2519 529 2547 3.
557 2520 598 2549 v.

107 2566 194 2606 296
229 2564 478 2621 censesque]
513 2577 567 2608 ex
600 2564 826 2608 librorum
858 2567 1046 2620 praeter
1077 2567 1127 2607 H
1155 2578 1433 2610 consensum
1470 2578 1565 2608 non
1595 2565 1813 2621 recipere-

226 2623 370 2666 1101111.

109 2684 195 2724 347
230 2682 517 2747 Pertemptet]
561 2682 689 2726 edidi
728 2683 844 2726 duce
876 2683 912 2725 E
952 2683 1225 2739 praecipue,
1268 2697 1373 2726 cum
1413 2682 1539 2726 enim
1577 2688 1682 2727 aute
1722 2682 1808 2726 ad-

228 2740 435 2796 positum
468 2743 542 2795 sit,
574 2742 714 2785 lectio
740 2743 1041 2799 Praetemptet
1070 2742 1252 2785 nullam
1281 2742 1428 2785 habet
1454 2741 1802 2785 necessitatem.

109 2804 196 2842 372
229 2800 438 2844 Necdum
468 2801 664 2846 decimas
695 2815 894 2846 emensus
926 2802 1115 2860 aristas]
1150 2801 1206 2846 cf.
1240 2815 1357 2856 quae
1390 2800 1586 2857 exposui
1611 2802 1660 2844 in
1682 2800 1811 2844 Mus

229 2858 376 2902 Rhen.
409 2858 513 2902 loco
547 2861 691 2904 citato
725 2861 786 2904 ad
816 2875 858 2905 v.
886 2866 985 2905 156.
