2044 3220
266 109 376 160 244
819 105 1061 150 CLAVDII
1092 104 1423 149 CLAVDIANI

266 244 339 296 Et
382 242 652 311 quotienS‚
694 259 869 292 rerum
909 239 1076 291 moles
1115 243 1175 291 ut
1214 240 1430 308 publica
1470 240 1637 310 cogit,

267 317 497 369 Tristior
537 319 628 366 aut
668 315 748 365 ira
787 313 1024 365 tumidus
1062 314 1323 384 flagrante
1363 312 1592 382 redibat,
1870 326 1952 366 135

271 390 404 442 Cum
444 393 651 457 patrem
690 388 805 449 nati
844 388 1090 458 sugerent
1130 391 1289 455 atque
1328 387 1445 454 ipsa
1485 387 1697 439 timeret

272 463 613 516 Commotum
653 461 906 512 Flaccilla
945 461 1140 530 virum,
1179 465 1239 512 tu
1281 461 1395 512 sola
1434 460 1748 512 frementem

267 537 559 607 Frangere,
599 537 659 586 tu
699 535 895 586 blando
935 538 1148 602 poteras
1190 552 1431 586 sermone
1470 534 1689 603 mederi3

268 610 553 678 Adloquiis
592 609 808 660 haerere
848 608 979 677 tuis7
1020 612 1220 660 secreta
1259 608 1431 659 fateri.

268 684 453 737 Prisca
492 683 758 751 puellares
797 682 1093 734 reverentia
1132 681 1369 733 transilit
1409 699 1592 734 annos,
1871 695 1955 734 140

268 758 396 810 Non
434 758 598 809 talem
638 756 846 808 Triviae
887 756 1093 808 confert
1136 755 1383 807 laudator
1421 755 1689 807 Homerus

267 832 498 884 Alcinoo
539 831 797 901 genitam,
838 848 972 897 quae
1013 830 1137 881 dum
1175 848 1270 897 per
1308 829 1469 880 litora
1507 832 1682 881 vestes

267 906 521 973 Explicat
561 908 612 955 et
652 904 881 955 famulas
921 907 1128 955 exercet
1168 904 1308 954 laeta
1349 903 1578 972 01101013,

267 979 531 1032 Auratam
569 978 799 1029 iaculata
838 977 1004 1044 pilam
1043 983 1166 1045 post
1205 977 1466 1047 naufraga
1506 977 1679 1029 somni

273 1052 395 1105 Otia
435 1069 779 1121 progressum
819 1050 965 1102 foliis
1006 1051 1218 1119 expavit
1257 1050 1466 1103 Vlixen.
1826 1106 1833 1114 ,
1872 1065 1955 1104 145

383 1125 590 1177 Pierius
630 1124 784 1186 labor
824 1127 876 1175 et
914 1128 1154 1175 veterum
1192 1124 1294 1175 tibi
1334 1124 1566 1190 carmina
1605 1128 1787 1176 vatum

268 1200 453 1251 Ludus
494 1202 628 1250 erat:
671 1215 805 1265 quos
846 1196 1072 1265 Smyrna
1113 1197 1277 1267 dedit,
1319 1216 1453 1266 quos
1492 1198 1714 1250 Mantua
1752 1198 1920 1250 libros

268 1274 590 1326 Percurrens
631 1272 849 1322 damnas
887 1271 1149 1322 Helenam
1186 1290 1283 1323 nec
1321 1272 1495 1340 parcis
1534 1272 1757 1324 Elissae.

268 1347 553 1400 Nobiliora
593 1349 777 1397 tenent
818 1345 1024 1397 animos
1065 1345 1306 1413 exempla
1344 1346 1607 1413 pudicosz·

271 1421 561 1473 Laodamia
601 1437 827 1487 sequens
867 1423 1191 1471 remeantem
1230 1437 1415 1470 rursus
1456 1419 1522 1470 ad
1559 1420 1777 1471 umbras
1874 1434 1957 1473 150

269 1494 600 1563 Phylaciden
638 1498 691 1545 et
729 1511 899 1561 prona
937 1511 1096 1544 ruens
1140 1493 1403 1561 Capaneia
1444 1493 1675 1545 coniunx

274 1569 594 1621 Communes
635 1567 851 1618 ardente
890 1567 1004 1618 viro
1044 1567 1277 1618 mixtura
1316 1567 1528 1619 favillas

270 1643 346 1694 Et
387 1642 565 1712 gravis
605 1641 918 1692 incumbens
959 1644 1106 1692 casto
1145 1641 1394 1691 Lucretia
1432 1641 1572 1692 ferro
1583 1684 1596 1709 ‚

171 1772 178 1775 „
271 1716 508 1767 Vulnere
549 1733 683 1782 quae
721 1714 939 1782 proprio
980 1714 1186 1765 facinus
1226 1716 1424 1765 testata
1462 1714 1678 1782 tyranni

272 1789 520 1841 Armavit
559 1788 762 1856 patriae
801 1788 974 1839 iustos
1012 1787 1070 1838 in
1108 1787 1248 1838 bella
1290 1787 1500 1839 dolores
1881 1800 1958 1842 155

273 1863 447 1915 Exule
488 1862 777 1929 Tarquinio
817 1861 1263 1928 memorandaque
1304 1861 1534 1913 concidit
1572 1879 1679 1914 uno

271 1937 403 1988 Vlta
441 1935 753 2004 pudicitiam
791 1935 1199 2002 libertatemque
1241 1953 1439 1987 cruore.

277 2011 321 2062 T
325 2010 429 2062 aha
468 2010 609 2061 facta
648 2009 823 2060 libens
860 2027 971 2060 non
1008 2012 1069 2060 tu
1107 2009 1305 2060 virtute
1344 2009 1570 2078 minore,

275 2083 380 2136 Sed
418 2084 530 2135 fato
571 2083 788 2134 meliore
828 2082 977 2152 legis

1057 2154 1171 2207 Iam
1208 2156 1409 2207 nubilis
1450 2159 1595 2208 aetas

274 2231 521 2299 Principe
563 2231 795 2282 sollicito
835 2229 976 2281 votis
1017 2233 1253 2282 erexerat
1294 2230 1470 2281 aulam
1878 2244 1959 2283 160

273 2304 527 2372 Incertis,
567 2323 723 2372 quem
762 2308 913 2355 tanta
953 2304 1059 2355 tori
1098 2304 1315 2355 fortuna
1353 2307 1603 2355 maneret.

275 2379 546 2446 Antiquos
585 2378 826 2446 loquitu]
864 2377 1139 2429 Musarum
1176 2378 1372 2447 pagina
1410 2395 1584 2448 10803,

278 2452 432 2514 Quod
473 2452 601 2503 dura
642 2452 740 2503 sub
780 2452 897 2521 lege
936 2470 1128 2519 procos
1169 2455 1369 2502 certare
1407 2451 1672 2518 iubelent,

277 2526 573 2594 Empturos
611 2525 907 2577 thalamum
947 2525 1094 2576 dubii
1134 2525 1434 2576 discrimine
1473 2524 1592 2592 leti,

278 2599 352 2650 Et
393 2618 487 2650 sua
528 2600 764 2651 crudeles
804 2598 1094 2668 gauderent
1132 2598 1358 2669 pignora
1397 2598 1585 2649 mortis
1877 2611 1959 2651 165

279 2672 500 2724 Ambiti
495 2691 590 2724 1110
629 2673 753 2740 peti.
818 2671 989 2723 Curru
1027 2672 1214 2724 Pisaea
1252 2671 1458 2723 marino

280 2745 445 2814 Fugit
484 2747 677 2813 praeda
716 2747 934 2815 Pelops,
972 2765 1097 2797 nam
1135 2745 1367 2814 perfidus
1409 2745 1558 2797 obice
1597 2745 1738 2815 regis

404 2911 454 2949 13
461 2910 485 2948 9
517 2905 672 2948 fateri
712 2907 920 2963 Birtius;
951 2905 1091 2950 fideli.
