2085 3215
188 157 262 208 44
729 154 972 199 CLAVDII
1005 155 1034 198 C
1039 155 1075 198 L
1085 156 1116 197 A
1125 153 1316 199 VDIAN
1321 155 1337 197 1

189 291 428 360 Atropos
470 295 522 342 et
560 289 814 342 Lachesis
854 290 1112 361 iungebat
1153 290 1381 342 stamina
1422 287 1625 360 dictis):

192 364 331 417 ‘Nec
371 368 441 434 te,
480 364 667 433 Roma,
709 364 799 415 diu
837 382 935 416 nec
974 368 1027 416 te
1066 365 1332 432 patiemur
1370 363 1615 433 inultam,

189 439 388 490 Africa.
470 437 818 490 Communem
857 442 1161 506 prosternet
1200 437 1476 489 Honorius
1515 437 1742 491 hostem.
1798 451 1884 491 205

190 513 405 582 Pergite
447 530 674 564 securae.
753 511 1009 564 Vestrum
1048 513 1129 563 vis
1168 512 1319 563 nulla
1358 515 1600 563 tenorem

191 586 414 655 Separat
454 590 506 637 et
548 586 650 637 soli
690 586 1042 638 famulabitur
1080 585 1265 637 Africa
1304 584 1542 637 Romae.'

300 659 453 712 Dixit
493 663 545 711 et
585 660 802 712 adflavit
841 660 1070 712 Romam
1108 660 1327 711 meliore
1366 660 1596 713 iuventa.

192 733 461 786 Continuo
502 734 639 785 redit
678 734 770 786 ille
810 735 966 804 vigor
1007 734 1246 801 seniique
1287 733 1520 785 colorem

189 808 466 860 Mutavere
508 826 701 860 comae.
782 807 1078 859 Solidatam
1119 808 1281 859 crista
1321 825 1607 877 resurgens
1799 824 1885 864 210

188 882 379 934 Erexit
419 882 628 952 galeam
670 882 932 950 clipeique
971 881 1248 933 recanduit
1290 881 1435 932 orbis

191 955 266 1008 Et
305 956 438 1008 levis
480 974 702 1007 excussa
742 956 930 1007 mic-uit
969 956 1219 1025 rubigine
1260 960 1467 1008 cornusL

300 1029 559 1081 Vmentes
598 1030 706 1081 iam
744 1030 920 1081 noctis
961 1048 1127 1097 equos
1166 1028 1505 1097 Lethaeaque
1547 1029 1778 1083 Somnus

189 1103 363 1155 Frena
402 1121 593 1174 regens
632 1103 799 1155 tacito
839 1103 1090 1155 volvebat
1132 1103 1303 1154 sidera
1345 1121 1516 1156 curru.

190 1176 305 1229 Iam
346 1177 449 1229 duo
493 1177 737 1228 divorum
775 1195 1038 1246 proceres7
1076 1177 1352 1244 maiorque
1391 1178 1672 1246 minorque
1800 1193 1885 1232 215

191 1251 494 1320 Theodosii,
532 1269 717 1319 pacem
756 1251 921 1302 laturi
960 1250 1213 1320 gentibus
1251 1251 1419 1321 ibant,

193 1324 296 1387 Qui
334 1323 479 1376 Iovis
520 1342 742 1376 arcanos
782 1325 1020 1376 monitus
1060 1324 1416 1392 mandataque
1456 1326 1657 1379 ferrent

189 1398 473 1451 Fratribus
515 1402 566 1450 et
607 1399 835 1469 geminis
878 1399 1146 1450 sancirent
1185 1398 1400 1450 foedera
1438 1401 1640 1470 regnis:

193 1472 281 1525 Sic
322 1491 442 1525 cum
480 1473 800 1541 praecipites
840 1476 1010 1524 artem
1048 1472 1222 1524 vicere
1264 1473 1531 1540 procellae

189 1546 538 1614 Adsiduoque
579 1564 797 1617 gemens
836 1546 1100 1598 undarum
1139 1546 1358 1598 verbere
1397 1551 1554 1600 nutat
1800 1563 1887 1602 220

189 1621 525 1673 Descensura
566 1621 714 1689 ratiS,
756 1638 910 1672 caeca
951 1620 1049 1671 sub
1089 1624 1248 1672 nocte
1287 1622 1463 1672 vocati

190 1693 469 1764 Naufraga
508 1694 702 1745 Ledaei
743 1697 1049 1745 sustentant
1089 1694 1207 1745 vela
1244 1693 1498 1746 Lacones.

195 1768 439 1821 Circulus
480 1772 540 1819 ut
579 1768 756 1835 patuit
794 1768 992 1836 Lunae⁷
1034 1785 1245 1819 secuere
1285 1771 1493 1820 meatus

191 1842 470 1894 Diversos:
512 1840 678 1893 Italas
720 1842 897 1893 senior
935 1811 1188 1893 tendebat
1227 1842 1285 1892 in
1325 1860 1468 1911 oras3

191 1915 267 1967 At
306 1919 473 1984 pater,
512 1916 804 1967 intrantem
835 1915 1072 1967 Pontum
1112 1934 1217 1983 qua
1248 1915 1563 1983 Bosphorus
1603 1920 1760 1986 artat,
1801 1932 1886 1970 225

191 1989 409 2041 Arcadii
448 1989 702 2041 thalamis
741 1989 969 2057 urbique
1008 1989 1250 2057 inlapsus
1291 1989 1451 2042 ane

195 2063 362 2125 Quem
405 2063 628 2115 simulac
666 2063 801 2114 vidit
839 2066 1000 2115 natus
1042 2061 1190 2133 (nam
1231 2063 1373 2115 clara
1410 2064 1619 2116 nitebat

195 2136 466 2207 Cynthia),
505 2137 772 2205 permixto
812 2140 1148 2189 tremuerunt
1188 2137 1382 2208 gaudia
1421 2138 1552 2190 fletu

195 2210 594 2279 Complexuque
634 2211 838 2280 fovenS‚
879 2229 1014 2279 quos
1052 2229 1164 2262 non
1203 2215 1523 2282 speraverat⁷
1563 2216 1712 2264 artus

196 2284 267 2337 ‘O
308 2284 442 2336 mihi
479 2289 605 2353 post
644 2284 811 2353 Alpes
850 2303 994 2336 nunc
1031 2285 1266 2353 primum
1305 2285 1524 2355 reddite⁷
1564 2286 1714 2355 dixit⁷
1801 2299 1887 2340 230

194 2358 347 2410 Vnde
387 2359 497 2410 tuis
540 2361 758 2427 optatus
799 2358 960 2410 ades?
1023 2359 1088 2410 da
1127 2362 1348 2429 tangere
1389 2359 1645 2428 dextram,

194 2431 307 2494 Qua
348 2436 535 2502 gentes
575 2432 807 2484 cecidere
846 2432 1002 2484 ferae.
1081 2432 1212 2494 Quis
1251 2432 1358 2484 tale
1398 2433 1625 2484 removit

191 2505 525 2558 Praesidium
563 2506 760 2558 terris?
821 2505 898 2556 Vt
936 2509 990 2557 te
1028 2506 1279 2557 mortalia
1317 2505 1524 2574 pridem

193 2578 493 2647 Implorant
531 2580 799 2663 longeque
838 2579 987 2648 pium
1027 2579 1329 2662 fortemque
1369 2578 1715 2657 requiruntl'

309 2652 406 2704 Cui
445 2657 599 2721 pater
636 2654 694 2705 in
731 2653 868 2705 tales
907 2653 1054 2720 rupit
1095 2653 1325 2721 suspiria
1364 2671 1543 2706 voces:
1800 2666 1885 2706 235

195 2726 339 2777 Hoc
380 2727 528 2778 erat?
589 2728 647 2779 in
685 2727 879 2778 fratres
917 2726 1092 2778 medio
1133 2727 1397 2779 discordia
1434 2727 1625 2778 Mauro

194 2799 451 2851 Nascitur
491 2803 542 2851 et
582 2801 811 2852 mundus
853 2818 1211 2870 germanaque
1252 2800 1472 2852 dissidet
1513 2800 1670 2852 aula?

196 2872 509 2926 Gildonisne
551 2874 694 2926 salus
734 2875 873 2926 tanti
914 2874 985 2926 sit
1023 2874 1203 2942 palma
1241 2874 1477 2926 furoris?

195 2946 411 2999 Scilicet
451 2948 698 3017 egregius
737 2965 948 3000 morum
986 2965 1289 3018 magnoque
1328 2947 1557 3000 tuendus
