2044 3220
192 137 300 188 226
743 134 986 178 CLAVDII
1018 133 1348 178 CLAVDIANI

192 270 277 323 Sic
317 289 426 322 non
465 269 794 320 imbriferam
832 272 1045 320 noctem
1084 268 1400 320 ducentibus
1439 267 1640 320 Haedis

265 343 418 396 Ionio
460 343 668 395 credam
707 342 922 412 turgida
960 342 1077 394 vela
1116 342 1272 411 mari,

192 417 278 469 Sic
316 435 427 469 non
465 416 719 468 Tartareo
758 415 1042 467 Furiarum
1079 416 1297 467 verbere
1335 415 1523 482 pulsus
1850 431 1880 469 5

263 490 395 542 Irati
435 490 669 560 relegam
710 489 943 541 carmina
982 488 1342 560 grammatici:

187 564 354 617 Nulla
393 582 540 615 meos
580 563 745 615 traxit
784 563 1032 631 petulans
1072 562 1290 614 audacia
1331 579 1545 630 sensuS‚

262 638 507 690 Liberior
545 637 688 689 iusto
727 655 825 689 nec
863 636 995 688 mihi
1035 636 1219 706 lingua
1259 635 1376 687 fuit.

187 711 520 780 Versiculos,
560 711 754 780 fateor,
793 729 904 762 non
944 713 1098 762 cauta
1137 727 1264 761 voce
1303 708 1510 778 notavi,

261 785 383 837 Heu
421 785 603 836 miser!
642 785 898 855 ignorans
908 828 921 853 ,
963 802 1122 851 quam
1161 800 1321 853 grave
1362 781 1562 834 crimen
1600 786 1727 835 erat.
1824 799 1881 837 10

189 858 430 927 Orpheos
471 859 562 909 alii
602 858 770 910 libros
811 858 1026 926 impune
1065 857 1337 908 lacessunt

260 932 374 985 Nec
413 936 505 983 tua
547 950 791 983 securum
829 936 904 1000 te,
945 930 1119 1000 MarO,
1159 931 1301 981 fama
1340 929 1510 998 vehit3

185 1005 305 1073 Ipse
345 1024 538 1073 parens
577 1008 784 1073 vatum,
823 1005 1070 1072 princeps
1109 1003 1409 1072 HeliconiS‚
1448 1002 1717 1055 Homerus

259 1078 457 1130 Iudicis
498 1077 704 1146 excepit
745 1078 853 1129 tela
896 1096 1077 1129 severa
1114 1081 1288 1129 notae.

186 1151 289 1204 Sed
325 1170 437 1203 non
474 1151 772 1221 Vergilius,
813 1151 905 1202 sed
943 1169 1053 1202 non
1092 1155 1306 1202 accusat
1345 1150 1634 1202 Homerus:
1821 1165 1878 1203 15

256 1224 463 1278 Neuter
502 1225 643 1276 enim
683 1228 957 1293 quaestor,
995 1242 1198 1292 pauper
1236 1227 1458 1291 uterque
1497 1223 1614 1276 fuit.

180 1299 270 1351 En
307 1317 495 1350 moveo
536 1299 780 1367 plausus!
821 1317 887 1349 en
924 1298 1157 1366 pallidus
1199 1298 1376 1349 omnia
1414 1297 1574 1349 laudo

256 1373 330 1424 Et
371 1372 574 1424 clarum
612 1376 795 1440 repeto
836 1376 1023 1439 terque
1065 1375 1357 1439 quaterque
1398 1370 1658 1439 ‘sophos'!

180 1445 434 1517 Ignoscat
473 1446 715 1514 placidus
755 1445 971 1497 tandem
1009 1446 1275 1513 flatusque
1315 1444 1557 1496 remittat

254 1520 328 1572 Et
367 1523 487 1572 tuto
528 1519 715 1571 recitet
757 1519 900 1587 quod
938 1518 1071 1570 h'bet
1113 1537 1221 1570 ore:
1261 1519 1451 1587 placet.
1817 1533 1876 1572 20

787 1678 947 1722 XXIV.
985 1678 1272 1734 (LXXXIII.)

803 1789 890 1835 DE
932 1787 1249 1835 LVCVSTA.

177 1888 378 1939 Horret
419 1905 551 1956 apex
593 1887 805 1955 capitis3
845 1886 1018 1937 medio
1059 1886 1172 1937 fera
1211 1884 1414 1936 lumina
1455 1889 1683 1956 surgunt

176 1961 416 2030 Vertice3
458 1964 719 2031 cognatus
761 1960 918 2011 dorso
960 1959 1192 2011 durescit
1233 1959 1474 2011 amictus,

175 2034 422 2086 Armavit
459 2038 652 2086 natura
693 2037 870 2085 cutem
909 2033 1159 2100 dumique
1199 2032 1452 2084 rubentes

179 2108 500 2177 Cuspidibus
540 2108 718 2175 parvis
759 2107 960 2159 multos
1001 2124 1185 2158 acuere
1226 2106 1462 2158 rubores.

742 2282 882 2326 XXV.
919 2281 1085 2336 (XXX.
1118 2281 1300 2336 XXXI.)

172 2392 693 2439 EPITHALAMIVM
723 2391 980 2438 DICTVM
1015 2389 1352 2437 PALLADIO
1387 2391 1445 2437 V.
1481 2390 1530 2438 O.
1564 2391 1861 2440 TRIBVNO

528 2481 613 2527 ET
653 2478 951 2528 NOTARIO
992 2479 1077 2525 ET
1121 2478 1513 2526 CELERINAE.

816 2595 1212 2644 PRAEFATIO.

173 2694 418 2746 Carmina
457 2713 551 2762 per
590 2695 897 2746 thalamum·
929 2695 1170 2762 quamvis
1211 2693 1406 2745 festina
1444 2713 1639 2765 negare

242 2767 355 2820 Nec
394 2768 541 2819 volui
581 2786 776 2838 genero
816 2786 914 2819 nec
951 2768 1105 2835 potui
1146 2786 1343 2819 socero,

165 2841 268 2892 Hic
311 2841 508 2909 socius,
549 2841 654 2892 dux
692 2842 783 2893 ille
822 2841 956 2892 mihi
994 2841 1274 2908 nostrique
1311 2859 1406 2908 per
1446 2841 1622 2892 aulam

242 2913 456 2966 Ordinis
494 2914 582 2967 hic
623 2933 841 2968 consors
882 2914 1094 2984 emicat,
1133 2914 1225 2965 ille
1263 2915 1423 2982 prior.

1927 3149 1956 3215 Γ’·Η
