2085 3215
117 98 219 155 (X.)
249 97 719 142 EPITHALAMIVM
749 97 828 141 DE
862 97 1099 142 NVPTIIS
1125 97 1382 142 HONORH
1408 96 1688 142 AVGVSTI.
1735 96 1804 150 99

118 231 406 303 Segnities:
447 232 538 284 alii
577 231 852 284 funalibus
894 232 1077 284 ordine
1119 233 1292 285 ductis

115 306 354 358 Plurima
393 310 646 358 venturae
688 305 994 373 suspendite
1034 306 1237 359 lumina
1276 306 1449 373 nocti3

116 379 190 431 Hi
229 383 415 431 nostra
452 379 654 431 nitidos
693 381 876 446 postes
918 378 1178 431 obducere
1218 383 1393 447 myrto

119 453 477 522 Contendant3
516 470 639 520 pars
680 451 943 503 nectareis
985 452 1289 522 adspergite
1329 456 1470 504 tecta

115 526 381 578 Fontibus
421 529 474 578 et
513 526 727 576 flamma
767 525 917 576 lucos
958 525 1165 577 adolete
1207 525 1462 593 Sabaeos3
1720 541 1807 580 210

115 600 247 651 Pars
288 600 486 651 infecta
526 616 679 650 croco
721 599 985 650 velamina
1025 599 1170 650 lutea
1212 598 1398 650 Seium

114 673 341 725 Pandite
381 672 735 739 Sidoniasque
777 672 892 723 solo
932 672 1257 740 prosternite
1297 675 1485 724 vestes,

115 746 218 798 Ast
258 746 351 798 alii
392 745 687 798 thalamum
728 745 884 797 docto
927 746 1230 814 componite
1270 749 1444 813 textu3

116 819 355 872 Stamine
394 823 662 890 gemmato
701 819 1092 887 picturatisque
1134 820 1398 871 columnis

112 893 440 945 Aedificetur
479 911 634 961 apex,
675 892 887 960 qualem
925 911 1036 944 non
1073 893 1242 961 Lydia
1284 893 1429 944 dives
1719 908 1804 946 215

112 967 304 1019 Erexit
343 966 532 1035 Pelopi
570 984 667 1018 nec
709 984 866 1033 quem
907 970 1148 1018 struxere
1187 967 1365 1034 Lyaeo

114 1039 369 1092 Indorum
411 1040 599 1108 spoliis
640 1044 692 1091 et
734 1058 898 1108 opaco
939 1040 1161 1108 palmite
1200 1040 1455 1092 Bacchae.

111 1113 231 1165 Illic
272 1114 490 1165 exuvias
532 1131 715 1165 omnes
757 1114 1024 1164 cumulate
1064 1118 1368 1182 parentum:

113 1187 386 1255 Quidquid
424 1205 553 1238 avus
595 1187 774 1238 senior
811 1186 1000 1238 Mauro
1040 1188 1125 1239 vel
1166 1187 1374 1239 Saxone
1414 1186 1596 1254 victis⁷

113 1261 384 1328 Quidquid
423 1260 489 1311 ab
524 1261 818 1312 innumeris
855 1261 1000 1312 socio
1036 1259 1332 1312 Stilichone
1365 1260 1670 1312 tremendus
1720 1275 1804 1314 220

113 1334 386 1397 Quaesivit
426 1334 641 1404 genitor
680 1334 862 1402 bellis,
904 1334 1273 1401 quodcumque
1316 1333 1552 1386 Gelonus

115 1408 470 1460 Armeniusve
511 1407 677 1470 dedit3
719 1411 979 1474 quantum
1021 1407 1214 1459 crinita
1256 1408 1472 1478 sagittis

113 1482 316 1534 Attulit
357 1484 594 1532 extremo
635 1480 817 1532 Meroe
857 1481 1165 1532 circumflua
1205 1481 1362 1550 Nilo3

113 1555 267 1606 Misit
306 1554 668 1606 Achaemenio
711 1554 973 1622 quidquid
1014 1554 1075 1606 de
1116 1554 1334 1624 Tigride
1373 1554 1583 1623 Medus,

115 1628 247 1680 Cum
289 1628 513 1696 supplex
554 1632 750 1679 emeret
790 1627 1089 1679 Romanam
1127 1627 1351 1680 Parthia
1390 1646 1588 1696 pacem.
1720 1643 1805 1681 225

110 1701 406 1754 Nobilibus
447 1701 594 1771 gazis
636 1701 937 1770 opibusque
978 1701 1177 1753 cubilia
1219 1706 1442 1772 surgant

110 1775 439 1843 Barbaricis3
481 1792 664 1826 omnes
703 1775 942 1827 thalamo
985 1776 1221 1827 conferte
1261 1775 1600 1844 triumphos9

225 1848 314 1900 Sic
354 1849 430 1899 ait
470 1852 522 1900 et
563 1866 790 1916 sponsae
829 1849 966 1917 petit
1006 1849 1299 1917 improvisa
1338 1852 1571 1918 penates

110 1922 211 1974 Illa-
252 1926 429 1973 autem
471 1939 653 1972 secura
693 1923 801 1973 tori
841 1922 1131 1989 taedasque
1170 1924 1350 1991 parari

108 1996 305 2048 Nescia
346 1995 556 2046 divinae
596 1994 796 2046 fruitur
836 2013 1077 2046 sermone
1118 1997 1357 2064 parentis
1716 2010 1801 2049 230

108 2069 487 2135 Maternosque
526 2067 668 2119 bibit
708 2086 883 2120 mores
924 2070 1270 2137 exemplaque
1312 2069 1472 2120 discit

107 2143 293 2194 Prisca
332 2141 622 2210 pudicitiae
661 2141 848 2193 Latios
887 2160 983 2193 nec
1022 2143 1234 2194 volvere
1274 2142 1444 2193 libros

110 2216 323 2267 Desinit
364 2218 455 2266 aut
497 2214 710 2283 Graios7
750 2215 867 2283 ipsa
907 2216 1174 2285 genetrice
1214 2216 1496 2286 magistra,

111 2289 390 2341 Maeonius
432 2306 795 2356 quaecumque
836 2307 994 2340 senex
1036 2294 1127 2340 aut
1168 2289 1427 2340 Thracius
1469 2288 1712 2357 Orpheus

110 2363 220 2414 Aut
260 2362 587 2430 Mytilenaeo
628 2362 937 2414 modulatur
978 2364 1188 2431 pectine
1230 2362 1445 2431 Sappho
1716 2376 1801 2416 235

113 2436 226 2506 (Sic
266 2436 503 2487 Triviam
542 2435 751 2487 Latona
790 2441 993 2505 monet3
1036 2437 1110 2488 sic
1151 2437 1302 2488 mitis
1343 2437 1397 2487 in
1439 2440 1593 2487 antro

110 2509 459 2577 Mnemosyne
500 2509 661 2560 docili
702 2510 868 2561 tradit
908 2514 1189 2578 praecepta
1231 2508 1496 2579 Thaliae):

113 2583 246 2634 Cum
285 2583 472 2651 procul
512 2583 696 2652 augeri
735 2584 882 2635 nitor
922 2588 973 2635 et
1014 2584 1297 2635 iucundior
1337 2602 1425 2634 aer

110 2656 417 2708 Attonitam
456 2656 686 2708 lustrare
727 2657 943 2708 domum
984 2657 1241 2724 fimdique
1283 2675 1552 2708 comarum

111 2729 309 2782 Gratus
351 2729 493 2781 odor.
571 2729 699 2781 Mox
740 2749 863 2782 vera
902 2731 1033 2782 fides
1074 2749 1376 2798 numenque
1417 2730 1643 2782 refulsit.
1714 2744 1800 2783 240

113 2802 409 2855 Cunctatur
449 2803 747 2871 stupefacta
787 2804 992 2858 Venus:
1035 2822 1174 2855 nunc
1217 2823 1309 2855 ora
1348 2804 1556 2873 puellae
1566 2847 1578 2873 ,

107 2876 265 2929 Nunc
304 2877 496 2928 flavam
533 2876 689 2928 niveo
730 2878 957 2930 miratur
996 2878 1192 2930 vertice
1232 2882 1470 2930 matrem.

1382 2968 1441 3007 7*
