2085 3215
186 142 256 194 62
735 142 980 186 CLAVDH
1012 142 1343 187 CLAVDIANI

183 278 326 330 Dum
368 277 532 346 spado
574 278 806 330 Tiresias
847 283 1234 348 enervatusque
1274 278 1574 347 Melampus
1794 295 1886 335 315

183 352 383 420 Reptat
423 352 489 403 ab
531 356 768 404 extremo
808 352 1043 405 referens
1084 353 1299 405 oracula
1337 352 1481 405 Nilo.

295 425 654 494 Obstrepuere
695 427 872 478 avium
910 445 1094 497 voceS,
1135 426 1413 478 exhorruit
1452 445 1623 479 annus

180 499 415 568 Nomen,
455 503 508 551 et
546 501 796 552 insanum
835 501 1048 571 gemino
1088 500 1386 569 proclamat
1426 500 1492 552 ab
1535 519 1624 553 ore

180 573 609 642 Eunuchumque
649 578 796 626 vetat
835 575 992 626 fastis
1032 574 1277 626 accedere
1316 573 1493 627 Ianus,

182 646 426 700 Sumeret
463 648 701 700 inlicitos
742 649 938 700 etenim
980 649 1025 700 si
1063 649 1262 700 femina
1301 648 1495 718 fasceS,
1791 663 1884 719 320,

177 721 340 773 Esset
379 725 535 790 turpe
574 723 766 774 minus.
843 722 1014 774 Medis
1054 722 1370 790 levibusque
1411 721 1630 774 Sabaeis

177 793 415 864 Imperat
452 795 541 848 hic
581 814 761 865 sexus,
800 797 1212 867 reginarumque
1254 796 1353 847 sub
1395 797 1557 848 armis

176 869 465 922 Barbariae
504 888 629 939 pars
667 889 863 941 magna
901 871 1059 923 iacet:
1100 888 1232 941 gens
1270 870 1421 922 nulla
1458 870 1742 940 probatur,

174 943 427 996 Eunuchi
468 962 602 1012 quae
644 948 853 1012 sceptra
892 945 1043 997 ferat.
1123 944 1388 1014 Tritonia,
1426 943 1665 1014 Phoebe,

177 1017 362 1087 Terra,
405 1017 584 1088 Ceres,
627 1017 847 1087 Cybele,
886 1017 1045 1088 Iun0,
1083 1018 1293 1070 Latona
1333 1018 1604 1070 coluntur:
1787 1032 1879 1072 325

173 1091 425 1144 Eunuchi
466 1110 600 1160 quae
639 1092 841 1161 templa
881 1093 986 1162 dei,
1027 1111 1160 1161 quas
1199 1092 1430 1144 vidimus
1471 1092 1627 1144 aras?

173 1163 302 1218 Inde
345 1166 668 1235 sacerdotes3
707 1166 838 1218 haec
876 1167 1045 1218 intrat
1083 1170 1302 1235 pectora
1340 1165 1614 1235 Phoebus3

171 1238 300 1291 Inde
342 1243 540 1292 canunt
579 1239 800 1309 Delphi3
841 1240 1127 1292 Troianam
1169 1240 1283 1292 sola
1321 1239 1618 1292 Minervam

171 1313 474 1384 Virginitas
512 1313 751 1366 Vestalis
792 1314 904 1366 adit
941 1315 1290 1382 flammasque
1329 1317 1533 1365 tuetur:

170 1387 244 1440 Hi
282 1387 461 1440 nullas
500 1388 679 1440 meriti
719 1389 883 1440 vittas
925 1406 1236 1457 semperque
1275 1388 1503 1456 profani.
1784 1403 1873 1442 330

169 1461 428 1514 Nascitur
467 1462 533 1514 ad
572 1462 808 1514 fructum
846 1463 1040 1514 mulier
1077 1462 1390 1531 prolemque
1431 1461 1691 1514 futuram:

169 1535 288 1588 Hoc
328 1554 497 1607 genus
536 1537 815 1589 inventum
855 1540 936 1588 est
975 1540 1036 1588 ut
1077 1536 1287 1588 serv-iat.
1365 1534 1614 1588 Herculis
1655 1554 1782 1588 arcu

172 1609 418 1662 Concidit
456 1610 777 1680 Hippolyte3
816 1610 991 1662 Danai
1032 1610 1216 1680 fugere
1256 1610 1564 1679 bipennem,

166 1683 530 1754 Penthesilea,
568 1689 740 1753 tuam3
781 1685 951 1736 claras
995 1683 1338 1753 Carthaginis
1379 1701 1526 1734 arces

171 1757 417 1810 Creditur
456 1762 509 1809 et
550 1762 764 1810 centum
802 1758 976 1826 portis
1016 1757 1298 1826 Babylona
1344 1757 1629 1825 superbam
1780 1770 1868 1810 335

165 1831 208 1883 F
213 1832 450 1883 emineus
491 1832 752 1884 struxisse
791 1832 960 1884 labor.
1039 1831 1178 1894 Quid
1215 1830 1397 1883 nobile
1437 1831 1607 1901 gessit

165 1905 503 1958 Eunuchus?
545 1924 678 1974 quae
718 1906 861 1958 bella
900 1905 1064 1958 tulit?
1106 1923 1239 1973 quas
1281 1904 1518 1957 condidit
1556 1904 1756 1957 urbes?

164 1978 295 2031 Illas
334 1983 608 2048 praeterea
648 1998 827 2031 rerum
864 1983 1059 2032 natura
1099 1979 1322 2048 creavit,

163 2053 280 2106 Hos
321 2054 489 2106 fecere
529 2072 742 2106 manus:
784 2072 877 2106 seu
915 2054 1089 2123 prima
1130 2052 1438 2106 Semiramis
1478 2057 1600 2105 astu

163 2127 402 2196 Assyriis
441 2129 668 2180 mentita
707 2129 904 2197 virum,
942 2146 1010 2180 ne
1049 2128 1196 2180 vocis
1238 2131 1424 2179 acutae
1776 2140 1865 2180 340

161 2200 421 2254 Mollities
460 2203 668 2254 levesve
709 2221 877 2272 genae
918 2221 972 2254 se
1011 2202 1235 2270 prodere
1273 2204 1520 2270 possent,

160 2275 277 2328 Hos
319 2276 423 2328 sibi
463 2277 742 2328 coniunxit
782 2276 1006 2346 similes3
1048 2294 1141 2328 seu
1179 2275 1432 2327 Parthica
1471 2275 1613 2326 ferro

158 2349 421 2402 Luxuries
460 2351 633 2402 vetuit
670 2351 819 2402 nasci
858 2350 1131 2420 lanuginis
1169 2349 1417 2401 umbram

161 2422 488 2492 Servatoque
530 2424 620 2476 diu
657 2424 852 2493 puerili
890 2425 1022 2476 flore
1063 2423 1239 2493 coegit

158 2495 291 2549 Arte
331 2498 657 2550 retardatam
694 2497 892 2550 Veneri
934 2498 1131 2550 servire
1170 2498 1457 2548 iuventam.
1771 2508 1859 2548 345

268 2570 433 2623 Fama
472 2572 622 2640 prius
661 2571 800 2624 falso
843 2572 1034 2623 similis
1074 2589 1318 2639 vanoque
1357 2569 1524 2621 videri

154 2643 309 2696 Ficta
346 2645 487 2714 ioco3
526 2646 696 2698 levior
733 2645 960 2698 volitare
998 2664 1094 2713 per
1134 2645 1330 2713 oppida
1367 2660 1550 2694 rumor

155 2717 443 2786 Riderique
482 2720 655 2772 nefas:
695 2719 863 2772 veluti
901 2718 1245 2790 nigrantibus
1286 2717 1385 2768 alis

155 2790 448 2844 Audiretur
489 2793 626 2863 olor,
667 2812 826 2846 corvo
868 2797 1104 2845 certante
1143 2791 1403 2862 ligustris

155 2864 337 2933 Atque
377 2866 572 2934 aliquis
611 2868 829 2938 gravior
866 2885 1099 2919 morum:
1141 2866 1207 2917 ‘si
1247 2865 1471 2934 talibus,
1509 2864 1711 2935 inquit,
1765 2878 1854 2918 350

157 2938 403 2991 Creditur
443 2944 496 2991 et
533 2941 715 2993 nimiis
754 2945 974 3012 turgent
1011 2939 1287 2993 mendacia
1325 2938 1581 2991 monstris
1590 2982 1604 3009 ,
