2044 3220
168 72 436 131 ·(XXX1V.)
467 72 548 115 DE
574 71 779 116 RAPTV
802 72 1227 117 PROSERPINAE
1251 74 1464 118 PRAEF.
1490 74 1654 117 LIBRI
1685 75 1740 118 11.
1774 75 1879 127 271

183 208 470 279 Lugebant
510 211 692 276 erepta
732 207 836 259 sibi
877 207 1075 259 solacia
1115 208 1422 278 Nymphae,

262 281 600 345 Quaerebant
642 282 822 333 dulces
861 282 1083 333 flumina
1123 287 1328 334 maesta
1366 283 1569 336 modos,

185 355 354 408 Saeva
393 356 522 408 feris
560 359 754 408 natura
794 355 931 407 redit
971 359 1322 424 metuensque
1362 357 1571 409 leonem

256 428 519 498 Implorat
560 430 796 482 citharae
834 447 995 480 vacca
1033 431 1262 480 tacentis
1304 449 1472 498 opem.

183 503 340 556 Illius
381 507 433 556 et
474 504 592 555 duri
631 504 823 555 flevere
866 503 1081 554 silentia
1119 508 1331 554 montes

258 577 512 646 Silvaque
551 576 857 629 Bistoniam
898 595 1053 645 saepe
1095 580 1277 628 secuta
1320 577 1525 645 chelyn.

185 695 288 748 Sed
325 699 616 764 postquam
654 694 890 747 Inachiis
930 694 1147 747 Alcides
1187 696 1385 746 missus
1427 695 1492 746 ab
1533 695 1697 766 Argis

254 769 482 821 Thracia
519 769 754 837 pacifero
797 769 1027 839 contigit
1069 788 1194 821 arva
1232 769 1364 837 pede

180 843 419 911 Diraque
460 843 741 914 sanguinei
779 843 942 895 vertit
981 843 1293 912 praesaepia
1333 844 1475 914 regis

253 917 327 969 Et
366 917 689 969 Diomedeos
729 917 970 988 gramine
1009 917 1158 989 pavit
1200 936 1388 986 eqUOS‚

180 990 330 1043 Tunc
367 991 575 1059 patriae
615 991 754 1042 festo
795 991 1029 1043 laetatus
1069 995 1310 1060 tempore
1350 995 1501 1043 vates

252 1065 518 1116 Desuetae
558 1065 753 1133 repetit
793 1066 885 1116 fila
926 1084 1119 1117 canora
1160 1065 1307 1134 lyrae

177 1139 252 1191 Et
291 1139 490 1190 resides
531 1139 636 1190 levi
676 1139 985 1191 modulatus
1024 1139 1234 1207 pectine
1273 1158 1467 1191 nervos

251 1212 455 1264 Pollice
495 1213 691 1265 festivo
730 1213 913 1265 nobile
955 1213 1106 1264 duxit
1148 1213 1291 1265 ebur.

177 1286 285 1338 Vix
325 1286 542 1337 auditus
583 1290 717 1338 erat:
758 1288 906 1338 venti
945 1288 1225 1338 frenantur
1266 1292 1318 1338 et
1357 1286 1529 1338 undae
1539 1331 1552 1356 7

253 1360 470 1431 Pigrior
510 1360 783 1412 adstrictis
823 1361 1031 1429 torpuit
1070 1360 1286 1412 Hebrus
1328 1361 1505 1429 aquiS,

178 1434 426 1486 Porrexit
465 1434 727 1503 Rhodope
769 1434 1012 1486 sitientes
1054 1435 1289 1487 carmina
1329 1453 1511 1503 rupes

250 1508 508 1560 Excussit
548 1508 753 1579 gelidas
793 1509 1014 1576 pronior
1055 1508 1191 1560 Ossa
1229 1509 1403 1578 nives3

176 1581 361 1634 Aidua
398 1582 602 1634 nudato
645 1582 915 1634 descendit
955 1583 1189 1651 populus
1229 1582 1436 1634 Haemo

250 1655 325 1708 Et
366 1656 616 1708 comitem
657 1674 913 1724 quercum
951 1656 1111 1724 pinus
1152 1656 1321 1708 amica
1361 1656 1553 1725 trahit,

180 1729 567 1798 Cirrhaeasque
608 1730 690 1781 dei
732 1730 975 1798 quamvis
1017 1730 1317 1799 despexerit
1359 1733 1523 1799 arteS,

254 1802 482 1872 Orpheis
522 1804 707 1855 laurus
747 1804 972 1856 vocibus
1015 1808 1131 1856 acta
1171 1804 1333 1856 venit.

178 1877 435 1930 Securum
474 1877 659 1929 blandi
698 1879 937 1946 leporem
976 1879 1157 1930 fovere
1196 1879 1421 1930 molossi

248 1951 610 2020 Vicinumque
649 1952 777 2020 lupo
818 1953 1066 2020 praebuit
1108 1971 1247 2023 agna
1289 1952 1447 2004 latus.

180 2025 481 2077 Concordes
521 2026 668 2077 varia
708 2026 902 2077 ludunt
944 2045 1064 2077 cum
1104 2026 1299 2096 tigride
1341 2026 1603 2096 dammae3

250 2099 546 2168 Massylam
587 2100 727 2151 cervi
765 2118 876 2152 non
915 2100 1141 2152 timuere
1180 2099 1377 2151 iubam.

173 2217 273 2270 Ille
312 2218 623 2270 novercales
664 2218 916 2270 stimulos
957 2222 1216 2287 actusque
1257 2218 1482 2270 canebat

248 2291 498 2344 Herculis
541 2296 592 2344 et
632 2292 763 2343 forti
802 2296 1045 2344 monstra
1087 2293 1311 2345 subacta
1351 2311 1535 2354 manu,

177 2365 331 2428 Quod
369 2366 589 2417 timidae
628 2367 791 2418 matri
830 2385 1046 2435 pressos
1088 2367 1381 2419 ostenderit
1422 2385 1623 2437 angues

249 2438 662 2509 Intrepidusque
702 2440 816 2492 fero
857 2441 1039 2493 riserit
1081 2460 1171 2493 ore
1210 2459 1363 2510 puer:

177 2513 271 2566 ‘Te
309 2532 482 2582 neque
520 2514 774 2566 Dictaeas
816 2515 1063 2582 quatiens
1103 2515 1403 2586 mugitibus
1443 2515 1604 2566 urbes

250 2587 458 2639 Taurus
497 2606 596 2640 nec
637 2587 816 2659 Stygii
854 2590 1049 2640 terruit
1088 2589 1167 2640 ira
1209 2589 1357 2640 canis
1367 2632 1380 2658 7

174 2660 303 2713 Non
340 2661 424 2713 leo
467 2661 702 2714 sidereos
743 2662 876 2715 caeli
916 2663 1188 2715 rediturus
1229 2662 1296 2714 ad
1335 2680 1459 2714 axes
1469 2706 1483 2731 >

248 2733 378 2787 Non
413 2735 770 2803 Erymanthei
809 2737 985 2807 gloria
1024 2736 1225 2789 montis
1267 2755 1405 2804 aper.

179 2808 359 2861 Solvis
398 2807 724 2862 Amazonios
766 2811 999 2881 cinctuS‚
1041 2810 1444 2879 Stymphalidas
1485 2829 1611 2862 arcu

255 2881 504 2953 Adpetis,
547 2883 768 2936 occiduo
811 2884 959 2936 ducis
1001 2885 1068 2936 ab
1111 2885 1238 2937 orbe
1278 2902 1496 2955 greges,

1827 785 1881 823 10

1826 1523 1883 1562 20

1744 1894 1880 1936 ,25

1823 2308 1879 2347 30
