2085 3215
72 231 234 285 Tanti
274 229 557 282 consilium
594 228 745 299 vulgi
784 228 1024 296 potuisse
1064 228 1227 280 taceri

72 306 186 359 Aut
225 304 432 356 facinus
472 307 585 355 tam
623 302 824 373 grande
864 302 975 372 tegi
1014 302 1314 370 mentisque
1355 302 1585 354 calorem

72 379 202 433 Non
240 396 483 430 sermone
522 377 652 445 viae,
690 393 802 428 non
840 375 981 426 inter
1019 376 1211 442 pocula
1251 376 1464 444 rumpi?

73 452 332 521 Aequalis
372 454 581 503 tantam
620 449 793 501 tenuit
833 448 1136 500 constantia
1175 450 1392 501 turbam
2075 500 2078 510 ,

73 527 149 580 Et
188 525 293 578 fuit
333 543 585 577 arcanum
622 523 838 592 populo,
916 522 1254 574 Pe1···cm1itm·
1293 523 1547 592 Haemus
1685 537 1769 575 290
2077 519 2085 820 Ῑ

371 95 464 153 (V.)
497 94 563 138 IN
593 93 875 138 RVFINVM
907 93 1088 137 LIBER
1122 92 1451 138 SECVNDVS.
1695 92 1762 143 31
2069 0 2085 425 Ι

75 599 356 653 Deseritur
394 598 654 666 Rhodope
694 597 1066 663 Thracumque
1105 614 1200 678 per
1239 596 1403 648 ardua
1443 567 1685 665 tendunt,

75 675 261 727 Donec
299 673 367 724 ad
404 671 655 723 Herculei
692 674 1008 751 perventum
1045 670 1279 722 nominis
1319 671 1520 721 urbem.

188 747 265 799 Vt
306 745 528 798 cessisse
569 745 768 814 ducem,
807 742 1029 825 propius
1069 744 1278 795 venisse
1319 744 1566 795 cohortes

81 821 311 891 Cognita
350 819 563 888 Rufino,
602 837 798 889 magna
839 817 1040 869 cervice
1080 817 1379 886 triumphat

79 894 272 947 Omnia
311 897 430 945 tuta
469 896 618 944 ratus
660 895 1035 960 sceptrumque
1076 910 1349 960 capessere
1389 892 1558 943 fervet
1691 906 1773 944 295

77 969 152 1021 Et
191 968 499 1021 coniuratos
538 966 790 1018 hortatur
827 984 955 1017 voce
996 965 1238 1017 clientes:

80 1042 357 1110 ‘VicimuS,
398 1039 715 1109 expulimUS,
754 1040 930 1092 facilis
970 1039 1079 1091 iam
1118 1040 1271 1108 copia
1311 1039 1476 1110 regni.

77 1115 278 1169 Nullus
311 1115 378 1166 ab
404 1114 560 1166 hoste
584 1114 760 1166 timor.
818 1113 947 1176 Quis
981 1113 1137 1183 enim,
1169 1132 1327 1182 quem
1351 1132 1568 1182 poscere
1602 1113 1777 1165 solum

79 1189 324 1258 Horruit,
362 1188 505 1240 hunc
544 1192 698 1240 tanto
738 1188 1007 1240 munitum
1046 1188 1217 1240 milite
1257 1187 1472 1240 vincat?

82 1263 213 1326 Quis
245 1263 384 1315 ferat
417 1266 698 1332 armatum,
724 1280 882 1331 quem
913 1279 1024 1314 non
1056 1262 1328 1330 superavit
1359 1261 1651 1313 inermem?
1692 1275 1778 1314 300

79 1336 107 1389 I
144 1355 301 1406 nunc,
341 1336 564 1388 exitium
602 1336 760 1388 nobis
799 1336 1057 1388 meditare
1097 1340 1335 1388 remotus

80 1410 374 1480 Incassum,
414 1409 658 1479 Stilicho,
699 1410 825 1462 dum
863 1428 962 1462 nos
1002 1410 1320 1481 longissima
1358 1409 1519 1460 tellus

80 1484 301 1537 Dividat
341 1487 394 1536 et
433 1484 620 1535 mediis
659 1483 867 1536 Nereus
906 1484 1258 1552 interstrepat
1298 1483 1468 1535 undis,

81 1557 310 1627 Alpinas
351 1557 581 1610 transire
621 1558 724 1609 tibi
762 1576 846 1609 me
887 1557 1090 1625 sospite
1129 1576 1288 1626 rupes

82 1631 245 1684 Haud
284 1631 512 1683 dabitur.
588 1630 785 1684 Iaculis
825 1630 975 1683 illinc
1013 1651 1097 1683 me
1137 1633 1301 1702 figere
1341 1635 1559 1700 tempta.
1695 1646 1780 1683 305

85 1705 290 1768 Quaere
328 1705 480 1757 ferox
519 1723 714 1775 ensem,
755 1705 847 1774 qui
886 1708 1074 1757 nostra
1114 1706 1182 1758 ad
1219 1706 1430 1757 moenia
1471 1704 1618 1758 tendi

82 1779 266 1832 Possit
305 1779 372 1830 ab
412 1777 585 1831 Italia.
662 1779 790 1832 Non
829 1783 881 1831 te
922 1780 1241 1834 documenta
1280 1780 1536 1849 priorum,

81 1852 212 1906 Non
249 1853 492 1922 exempla
530 1854 752 1906 vetant?
793 1854 1043 1922 quisnam
1083 1858 1308 1907 conatus
1347 1854 1493 1905 adire

84 1926 200 1978 Has
240 1927 406 1978 iactat
444 1927 643 1979 vitasse
682 1928 912 1980 manus?
973 1928 1316 1980 Detrusimus
1358 1928 1486 1979 orbe

86 2000 161 2052 Te
200 1999 374 2051 medio
414 2001 688 2068 tantisque
729 2001 890 2053 simul
930 2002 1282 2070 spoliavimus
1323 2001 1499 2053 armis
1697 2016 1782 2053 310

86 2072 246 2126 Nunc
286 2073 458 2142 epulis
499 2078 726 2144 tempUS,
768 2075 920 2144 socii,
958 2094 1101 2128 nunc
1141 2076 1292 2145 larga
1330 2093 1519 2142 parare

86 2147 311 2199 Munera
351 2147 760 2216 donandumque
798 2148 953 2200 novis
992 2149 1297 2219 legionibus
1338 2150 1548 2199 aurum!

88 2220 406 2289 Opportuna
444 2221 576 2273 meis
618 2222 789 2274 oritur
828 2223 922 2274 lux
962 2223 1194 2275 crastina
1233 2222 1389 2274 votis

90 2293 244 2357 Quod
281 2295 420 2346 nolit
460 2314 553 2347 rex
592 2295 706 2364 ipse
746 2296 876 2348 velit
915 2296 1203 2365 iubeatque
1243 2300 1460 2348 coactus

89 2367 155 2420 In
191 2372 401 2437 partem
439 2369 572 2420 mihi
612 2388 777 2441 regna
818 2371 944 2422 dari.
1026 2370 1319 2440 Contingat
1358 2370 1416 2421 in
1454 2388 1561 2421 uno
1699 2383 1784 2421 315

88 2442 295 2494 Privati
333 2442 537 2513 fugisse
577 2445 795 2496 modum
835 2444 1137 2513 crimenque
1177 2443 1428 2512 tyranni.9

201 2515 424 2568 Talibus
465 2517 728 2570 adclamat
769 2518 925 2571 dictis
964 2518 1162 2570 infame
1200 2521 1490 2569 nocentum

93 2588 408 2659 Concilium,
449 2591 541 2659 qui
579 2592 853 2660 perpetuis
894 2610 1102 2644 crevere
1142 2591 1344 2660 rapinis

90 2662 165 2714 Et
206 2681 340 2730 quos
379 2682 486 2715 una
525 2666 655 2718 facit
694 2666 892 2718 Rufino
933 2685 1092 2718 causa
1134 2665 1367 2717 sodales:

93 2734 369 2788 Inlicitum
408 2737 621 2792 duxisse
658 2740 821 2809 nihil3
861 2740 1074 2792 funesta
1114 2743 1288 2791 tacere
1701 2752 1787 2790 320

90 2809 278 2861 Nexus
318 2810 596 2866 amicitiae.
673 2812 897 2865 Iamiam
939 2813 1167 2865 conubia
1206 2813 1334 2865 laeti

91 2883 439 2952 Despondent
480 2887 652 2940 aliena
694 2887 798 2939 sibi
837 2888 1144 2955 frustraque
1184 2887 1420 2939 vicissim
