2044 3220
190 111 223 163 2
232 109 300 162 46
739 104 984 150 CLAVDH
1015 104 1085 149 CL
1095 105 1345 148 AVDIANI

192 244 443 299 Contenti
483 240 701 294 meliore
741 260 903 292 manu
943 259 1160 309 seseque
1201 243 1475 308 ratemque
1767 251 1880 291 205²

189 321 363 374 Unius
403 316 642 385 imperiis
681 315 923 383 tradunt,
963 319 1235 382 artemque
1274 332 1470 381 pavore
1765 319 1878 365 205¹>

191 394 478 447 Confessae
519 391 679 442 finem
720 389 912 440 studiis
951 389 1120 440 fecere
1160 388 1445 456 procellae:

191 467 351 520 Haud
391 466 546 517 aliter
586 463 832 532 Stilicho,
871 463 1088 514 fremuit
1129 481 1248 514 cum
1289 461 1515 513 Thracia
1555 461 1683 514 belli

190 543 528 609 TempestaS‚
569 538 773 590 cunctis
812 537 1012 605 pariter
1052 535 1360 588 cedentibus
1398 553 1537 587 unus

190 616 430 686 Eligitur
469 613 680 681 ductor3
720 611 975 682 suffragia
1017 611 1212 679 quippe
1251 609 1458 679 peregit

190 689 356 742 Iudex
395 706 518 740 vera
558 687 742 755 timor3
781 685 955 737 victus
996 685 1202 736 ratione
1244 684 1434 734 salutis
1794 699 1881 738 210

189 763 445 816 Ambitus
486 765 539 813 et
578 761 766 828 pulsus
805 759 970 810 iacuit
1009 758 1292 810 formidine
1332 758 1548 821 livor.··

304 837 434 900 Quis
496 835 598 887 tibi
659 838 789 886 tunc
849 851 943 901 per
996 833 1234 884 membra
1287 835 1489 883 tremor
1544 835 1880 900 quantaeque

1271 905 1530 957 cadebant

190 985 440 1039 Vbertim
479 982 750 1050 lacrimae,
791 999 911 1032 cum
952 998 1107 1031 saeva
1146 979 1464 1031 vocantibus
1506 997 1652 1031 arma

192 1061 307 1113 Iam
345 1058 497 1110 lituis
535 1055 747 1108 madido
788 1057 1095 1122 respectans
1134 1053 1333 1105 lumine
1373 1053 1556 1105 vultus

194 1134 420 1203 Optares
460 1130 706 1182 reducem
745 1129 1033 1199 galeaeque
1072 1127 1273 1178 inserta
1311 1126 1505 1178 minaci
1801 1141 1884 1180 215

194 1207 391 1261 Oscula
431 1204 639 1257 cristati
677 1220 890 1271 raperes
930 1201 1125 1253 festina
1164 1201 1365 1252 mariti!

195 1282 401 1335 Gaudia
442 1297 575 1348 quae
615 1295 822 1346 rursus⁷
863 1295 984 1328 cum
1021 1279 1146 1344 post
1184 1275 1425 1326 victricia
1462 1274 1679 1327 tandem

201 1355 436 1418 Classica
461 1353 707 1405 ¹sidereas
746 1351 1006 1402 ferratum
1044 1349 1328 1417 pectusin
1365 1348 1521 1400 ulnas

195 1430 508 1498 ExcipereS‚
549 1429 725 1478 castae
764 1428 885 1477 tuto
925 1443 1019 1493 per
1060 1423 1233 1475 dulcia
1272 1422 1447 1474 noctis

195 1505 319 1557 Otia
358 1519 662 1573 pugnarum
702 1499 894 1551 seriem
931 1516 1147 1550 narrare
1186 1497 1418 1549 iuberes!
1802 1511 1887 1551 220

195 1578 324 1632 Non
362 1577 457 1628 illo
496 1574 698 1635 nitidos
738 1591 993 1640 umquam
1033 1572 1267 1623 bellante
1309 1570 1533 1638 capillos

197 1652 439 1718 Comere,
477 1667 589 1701 non
628 1648 818 1699 solitos
858 1664 1189 1717 gemmarum
1229 1662 1435 1696 sumere
1476 1644 1677 1696 cultus:

194 1725 524 1779 Numinibus
563 1722 811 1789 votisque
849 1738 1006 1772 vacas
1046 1722 1098 1771 et
1140 1718 1378 1787 supplice
1419 1717 1561 1769 crine

195 1800 381 1852 Verris
420 1798 664 1849 humum:
705 1795 898 1847 teritur
936 1792 1209 1863 neglectae
1249 1792 1423 1862 gratia
1463 1791 1666 1843 formae

200 1874 335 1927 Cum
372 1871 590 1941 proprio
631 1869 866 1921 reditura
905 1868 1033 1919 Viro.

1124 1938 1239 1992 Nec
1279 1939 1455 1991 deside
1495 1957 1621 1991 cura
1805 1954 1891 1994 225

198 2021 389 2092 Segnis
430 2021 629 2071 marcet
670 2035 843 2068 amor:
884 2015 1096 2067 laudem
1134 2013 1416 2082 prudentia
1455 2013 1585 2065 belh·

197 2096 448 2148 Feminea
486 2111 583 2162 pro
623 2095 775 2159 parte
817 2090 975 2142 subit.
1038 2089 1182 2140 Dum
1221 2087 1473 2158 gentibus
1512 2087 1605 2138 ille

203 2169 458 2239 Confligit
471 2212 484 2238 7
523 2166 677 2237 vigili
715 2169 776 2216 tu
815 2163 1078 2232 prospicis
1119 2162 1297 2214 omnia
1337 2180 1517 2230 sensu7

199 2243 282 2297 Ne
325 2242 452 2311 quid
489 2242 547 2292 in
586 2240 862 2292 absentem
899 2237 1193 2289 virtutibus
1234 2236 1391 2288 obvia
1432 2253 1639 2304 semper

201 2318 413 2370 Audeat
451 2314 680 2367 invidiae
719 2313 894 2364 rabies
932 2330 1038 2363 neu
1076 2311 1254 2362 fervor
1291 2310 1510 2378 iniquus
1522 2352 1536 2379 ⁷
1807 2323 1894 2364 230

201 2391 285 2444 Ne
327 2409 430 2459 qua
468 2388 657 2458 procul
695 2386 887 2455 positis
927 2386 1073 2437 furto
1115 2384 1413 2436 subsederit
1453 2383 1615 2435 armis

207 2465 484 2517 Calliditas
523 2462 770 2514 nocitura
810 2460 965 2511 domi.
1028 2458 1109 2510 Tu
1150 2458 1332 2510 sedula
1374 2457 1641 2525 quondam

204 2539 402 2591 Rufino
441 2537 732 2589 meditante
770 2533 921 2586 nefas
931 2577 943 2602 ,
985 2551 1105 2585 cum
1145 2535 1421 2601 quaereret
1461 2533 1603 2582 artes

205 2611 271 2664 In
309 2612 456 2663 ducis
496 2611 718 2663 exitium
758 2607 1169 2674 coniuratosque
1208 2606 1413 2657 foveret

211 2685 410 2738 Contra
448 2685 558 2753 pila
599 2683 784 2752 Getas»,
823 2684 1002 2733 motus
1041 2681 1234 2732 rimata
1272 2679 1501 2730 latentes
1809 2693 1895 2732 235

207 2759 475 2811 Mandatis
513 2756 864 2809 tremebunda
901 2755 1076 2807 virum
1116 2753 1435 2822 scriptisque
1474 2752 1745 2805 monebas.

329 2880 439 2919 205²
462 2875 721 2928 ratemque]
748 2873 1015 2926 Livimius;
1037 2872 1328 2927 patremque.
1403 2875 1489 2913 214
1515 2876 1690 2912 lumine
1716 2867 1891 2926 vultus]

208 2936 398 2993 scripsi;
428 2932 607 2977 lumina
639 2934 786 2975 vultu.
