2044 3220
219 134 323 186 166
765 131 1010 175 CLAVDH
1041 131 1374 176 CLAVDIANI

214 267 336 337 Ipse
377 267 514 319 albis
553 267 836 320 veheretur
876 268 1026 336 equis
1067 286 1386 335 currumque
1427 270 1640 319 secutus
1855 283 1912 323 20

214 342 568 412 Laurigerum
607 341 747 394 festo
787 342 1093 394 fremuisset
1134 342 1365 394 carmine
1404 341 1572 394 miles,

215 416 290 468 Hi
329 416 562 467 famulos
603 415 877 468 traherent
916 435 1091 487 reges3
1130 416 1188 467 hi
1228 416 1370 467 facta
1409 416 1629 468 metallo

217 489 425 558 Oppida
464 490 551 541 vel
589 493 799 542 montes
841 491 1155 559 captivaque
1195 490 1416 541 fiumina
1456 490 1669 542 ferrent.

214 563 358 616 Hinc
395 563 587 632 Libyci
625 564 812 616 fractis
852 565 1099 635 lugerent
1140 564 1393 616 cornibus
1433 582 1638 634 amnes3

214 637 344 690 Inde
386 642 631 690 catenato
673 642 907 709 gemeret
950 637 1233 691 Germania
1273 638 1477 690 Rheno
1799 653 1802 655 ’
1854 653 1911 692 25

215 711 321 766 Sed
358 731 470 764 non
506 713 806 765 inmodicus
846 713 1052 781 proprii
1090 713 1320 764 iactator
1358 712 1580 764 honoris

217 786 442 856 Consul,
481 786 676 857 Roma,
717 790 857 838 tuus,
920 786 1048 840 Non
1085 787 1242 838 illum
1280 787 1517 854 praemia
1555 789 1769 838 tantum

217 859 389 923 Quam
426 860 583 912 labor
620 862 735 929 ipse
774 861 945 931 iuvat3
987 861 1244 929 strepitus
1284 860 1493 912 fastidit
1531 860 1717 913 inanes

214 933 385 1002 Inque
424 935 616 986 animis
656 935 936 987 hominum
975 954 1172 1003 pompa
1211 935 1432 987 meliore
1469 934 1784 1004 triumphat.

325 1007 454 1061 Non
492 1009 658 1060 alium
699 1013 839 1061 certe
878 1009 1151 1061 Romanae
1194 1009 1388 1061 clarius
1429 1027 1576 1061 arces
1855 1023 1911 1062 30

216 1081 508 1150 Suscepere
550 1083 758 1152 ducem,
797 1102 895 1135 nec
936 1101 1056 1135 cum
1098 1083 1313 1135 cedente
1353 1083 1549 1135 rediret

213 1155 493 1207 Fabricius
532 1155 743 1224 Pyrrho
783 1175 880 1208 nec
921 1175 1042 1208 cum
1084 1156 1349 1225 Capitolia
1390 1175 1550 1209 curru

215 1230 458 1282 Pellaeae
500 1230 734 1282 domitor
772 1230 994 1282 Paullus
1037 1231 1414 1283 conscenderet
1453 1231 1619 1283 aulae.

213 1303 328 1356 Nec
369 1303 560 1355 similis
599 1304 783 1356 Latias
822 1305 1077 1373 patefecit
1117 1305 1290 1375 gloria
1330 1308 1516 1373 portas

213 1377 348 1429 Post
386 1377 651 1430 Numidas
691 1378 888 1448 Mario,
927 1382 1053 1447 post
1095 1379 1317 1431 classica
1356 1379 1547 1430 Martis
1586 1378 1692 1431 Eoi
1856 1392 1912 1432 35

212 1451 485 1520 PompeiO.
547 1452 702 1505 Nulli
741 1472 866 1521 pars
907 1453 1115 1505 aemula
1157 1453 1326 1505 defuit
1363 1471 1642 1522 umquam,

216 1525 362 1587 Quae
402 1527 582 1596 gravis
625 1527 957 1595 obstreperet
997 1527 1165 1597 laudi,
1206 1527 1546 1595 stimulisque
1585 1527 1838 1598 malignis

212 1598 378 1651 Facta
420 1601 744 1667 sequebatur
784 1601 1027 1668 quamvis
1066 1601 1308 1671 ingentia-
1347 1601 1507 1653 livor:

215 1672 376 1725 Solus
415 1673 503 1724 hic
541 1674 772 1725 invidiae
812 1675 945 1726 fines
985 1675 1184 1726 virtute
1224 1675 1444 1742 reliquit

213 1746 632 1815 Humanumque
671 1748 903 1800 modum.
970 1747 1099 1810 Quis
1141 1749 1282 1800 enim
1314 1748 1566 1801 livescere
1597 1749 1794 1818 possit,
1853 1763 1910 1803 40

216 1819 371 1882 Quod
407 1840 703 1889 numquam
741 1826 962 1890 pereant
1003 1822 1226 1874 stellae?
1268 1823 1412 1890 quod
1450 1821 1694 1891 Iuppiter
1734 1823 1864 1875 olim

213 1894 495 1947 Possideat
537 1896 778 1948 caelum?
821 1897 964 1964 quod
1001 1897 1212 1949 noverit
1254 1896 1432 1948 omnia
1470 1896 1761 1948 Phoebus?

213 1967 316 2020 Est
357 1969 577 2037 aliquod
614 1969 793 2022 meriti
834 1971 1090 2040 spatium,
1132 1971 1275 2038 quod
1313 1971 1463 2023 nulla
1502 1971 1732 2023 furentis

212 2041 450 2095 Invidiae
489 2062 739 2096 mensura
780 2045 935 2112 capit.
998 2044 1330 2097 Ductoribus
1368 2045 1479 2097 illis

212 2115 496 2169 Praeterea
537 2118 777 2170 diversus
818 2122 931 2170 erat
970 2118 1143 2171 favor:
1185 2119 1405 2187 aequior
1442 2119 1534 2171 ille
1853 2133 1909 2172 45

212 2189 467 2243 Patribus
506 2192 713 2243 invisus
752 2192 921 2261 plebi;
959 2193 1311 2261 popularibus
1350 2193 1434 2245 illi

213 2263 426 2316 Munito
469 2266 660 2317 studiis
700 2266 994 2337 languebat
1033 2267 1208 2337 gratia
1247 2270 1476 2335 patrum.

215 2337 402 2390 Omnis
441 2339 500 2390 in
537 2339 640 2391 hoc
678 2358 786 2391 uno
826 2341 989 2392 variis
1030 2341 1293 2392 discordia
1334 2341 1492 2392 cessit

215 2409 528 2482 Ordinibus3
568 2413 801 2465 laetatur
841 2433 1001 2482 eques
1041 2414 1355 2482 plauditque
1396 2418 1612 2467 senator

211 2484 461 2554 Votaque
499 2487 727 2555 patricio
769 2491 974 2539 certant
1012 2489 1222 2556 plebeia
1260 2489 1445 2540 favori.
1851 2501 1908 2542 50

327 2558 369 2610 O
410 2560 540 2612 felix
581 2564 790 2613 servata
829 2566 986 2613 vocat
1027 2581 1186 2646 quem
1224 2562 1398 2614 Roma
1435 2563 1734 2630 parentem!

213 2630 258 2682 O
299 2634 483 2685 mundi
524 2635 1165 2705 601311131113311101,οι11
1203 2636 1402 2687 militat
1443 2635 1616 2688 omnis

214 2703 411 2775 Gallia,
453 2726 610 2775 quem
649 2728 837 2780 regum
876 2709 1130 2762 thalamis
1169 2709 1432 2778 Hispa-nia
1470 2710 1638 2762 nectit

215 2777 379 2830 Cuius
420 2784 472 2831 et
512 2782 798 2835 adventum
839 2783 1038 2835 crebris
1077 2784 1277 2852 petiere
1319 2782 1554 2845 Quirites

210 2850 452 2905 Vocibus
493 2858 545 2906 et
584 2874 779 2925 genero
820 2857 1016 2909 meruit
1054 2860 1361 2925 praestante
1404 2858 1642 2909 senatus!
1846 2870 1904 2910 55
1999 2890 2002 2891 ν

210 2923 339 2978 Non
379 2928 455 2980 sic
493 2928 795 3000 virginibus
835 2932 937 2983 fio]
940 2949 1017 3001 es
1055 2950 1168 2983 non
1205 2931 1454 3001 frugibus
1493 2931 1715 3001 imbreS‚
1754 2942 1760 2945 “
