2044 3220
191 122 371 180 (XXII.)
395 121 474 166 DE
502 121 752 167 CONSVL.
781 121 1160 167 STILICHONIS
1185 120 1365 165 LIBER
1391 121 1722 168 SECVNDVS.
1781 124 1885 177 157

192 256 306 310 Aut
346 257 403 310 in
443 277 498 310 se
536 261 753 310 vertunt
793 257 948 309 furiis
988 262 1080 310 aut
1120 257 1309 310 militis
1350 275 1473 310 ense

195 331 452 384 Bacchati
490 332 695 384 laniant
733 330 973 383 Pentheo
1015 349 1239 400 corpora
1278 332 1408 401 ritu3

193 404 423 457 Insidias
463 408 713 476 retegunt
754 409 806 457 et
845 406 903 457 in
940 405 1056 474 ipsa
1098 405 1295 457 cubilia
1336 405 1585 459 fraudum

195 479 416 531 Ducunt
456 498 550 532 ceu
588 483 770 531 tenera
810 483 1094 532 venantem
1132 497 1260 530 nare
1299 478 1538 532 Molossi.
1803 495 1888 535 215

195 552 481 606 Ominibus
520 557 745 606 ventura
783 556 977 606 notant
1018 556 1110 605 aut
1151 553 1277 604 alite
1318 557 1622 606 monstrant

194 626 307 680 Aut
347 628 582 681 monitos
623 630 766 679 certa
807 627 1099 698 dignantur
1137 626 1370 697 imagine
1412 645 1643 680 somnos,

307 701 413 754 Pro
456 702 651 770 quibus
690 702 1000 754 innumerae
1039 701 1350 753 trabearum
1389 701 1622 772 insignia
1662 706 1834 756 terrae

196 774 456 828 Certatim
493 776 693 845 petiere
733 776 849 828 tibi.
911 775 1268 828 Poscentibus
1307 775 1421 843 ipse

193 849 492 902 Restiteras
533 853 585 902 et
624 868 797 920 menS‚
837 850 1066 902 aliorum
1105 867 1273 918 prona
1313 849 1508 919 favori,
1804 865 1889 906 220

194 922 361 976 Iudex
401 924 532 976 dura
572 925 677 993 sui⁷
717 923 926 976 facibus
967 941 1220 976 succensa
1258 923 1480 992 pudoris

195 997 369 1050 Tarda
408 999 719 1051 verecundis
760 1002 977 1051 excusat
1016 998 1252 1066 praemia
1293 998 1482 1050 causis.

195 1071 346 1142 Ergo
387 1073 570 1125 avidae
608 1076 898 1141 tantosque
936 1072 1065 1125 novi
1105 1090 1197 1140 spe
1238 1071 1474 1124 consulis
1515 1090 1684 1124 annos

196 1145 396 1198 Elusae
437 1146 681 1199 dominae
720 1150 953 1218 pergunt
994 1146 1060 1198 ad
1098 1146 1285 1198 limina
1324 1145 1550 1214 Romae,

197 1219 255 1273 Si
294 1221 471 1273 minus
512 1221 757 1273 adnuerit
796 1221 1068 1290 precibuS‚
1107 1221 1193 1272 vel
1233 1238 1421 1290 cogere
1462 1223 1635 1271 certae
1805 1234 1890 1273 225

200 1293 554 1348 Cunctantem
593 1299 828 1364 votoque
867 1313 1046 1347 moras
1087 1294 1294 1346 auferre
1333 1297 1565 1362 paratae.

201 1367 539 1421 Conveniunt
579 1370 646 1421 ad
683 1373 825 1422 tecta
865 1369 1012 1438 deae,
1054 1386 1188 1436 quae
1229 1367 1458 1420 candida
1497 1367 1678 1420 lucent

199 1442 385 1495 Monte
424 1443 690 1496 Palatino,
755 1442 971 1495 Glaucis
1011 1446 1128 1494 tum
1167 1442 1338 1510 prima
1378 1441 1649 1494 Minervae

198 1516 353 1570 Nexa
393 1535 601 1569 comam
640 1518 786 1569 foliis
827 1517 1080 1585 fulvaque
1121 1516 1327 1568 intexta
1366 1516 1654 1568 micantem

197 1590 363 1643 Veste
404 1591 612 1662 Tagum
650 1592 787 1644 tales
825 1591 1031 1660 profert
1070 1589 1333 1658 Hispania
1373 1607 1551 1641 voces:
1807 1604 1893 1643 230

314 1664 547 1718 eCuncta
578 1666 712 1718 mihi
745 1683 953 1734 semper
978 1663 1228 1733 Stilicho,
1262 1681 1626 1732 quaecumque
1658 1664 1896 1735 poposci,

203 1738 481 1793 Concessit
519 1743 838 1808 tantumque
880 1757 1005 1791 suos
1044 1737 1238 1790 invidit
1276 1738 1522 1790 honores.

200 1813 439 1884 Augusti
477 1815 657 1883 potuit
697 1814 867 1867 soceri
907 1816 1245 1866 contemnere
1284 1812 1478 1864 fasces:

203 1887 318 1940 Iam
355 1891 519 1959 negat
559 1892 612 1940 et
651 1906 862 1959 genero,
926 1887 984 1940 Si
1022 1905 1134 1940 non
1170 1890 1232 1940 ut
1273 1886 1463 1939 ductor
1502 1886 1569 1937 ab
1612 1885 1740 1940 orbe

204 1961 374 2025 Quem
413 1962 575 2033 regit,
614 1963 840 2031 accipiat
881 1961 1072 2013 saltem
1112 1964 1373 2031 cognatus
1415 1960 1480 2012 ab
1522 1960 1658 2012 aula.
1811 1973 1896 2014 235

202 2036 546 2107 Exiguumne
585 2039 764 2104 putat,
805 2035 948 2104 quod
989 2035 1064 2086 sic
1103 2035 1379 2103 amplexus
1418 2033 1678 2086 Hiberam

202 2110 524 2181 Progeniem
561 2113 779 2162 nostros
818 2110 1024 2161 inmoto
1064 2108 1178 2160 iure
1216 2111 1440 2176 nepotes

206 2184 471 2254 Sustinet,
510 2188 571 2236 ut
610 2184 846 2253 patrium
885 2181 1218 2235 commendet
1256 2199 1491 2250 purpura
1531 2180 1778 2233 Baetim?

208 2258 362 2321 Quod
400 2258 626 2327 pulchro
667 2257 868 2310 Mariae
908 2256 1158 2309 fecundat
1197 2256 1435 2326 germine
1476 2254 1737 2325 regnum?

208 2331 364 2395 Quod
403 2332 633 2385 dominis
675 2336 920 2401 speratur
959 2330 1152 2383 avus‘?'
1811 2342 1897 2383 240

1225 2401 1363 2454 Tum
1401 2403 1538 2454 flava
1578 2421 1772 2472 repexo

209 2480 386 2534 Galh‘a
426 2481 570 2533 crine
608 2481 761 2533 ferox
800 2480 1114 2547 evinctaque
1155 2482 1346 2545 torque
1387 2476 1578 2528 decoro

207 2555 451 2623 Binaque
491 2573 651 2626 gaesa
690 2558 878 2607 tenens
918 2554 1160 2606 animoso
1200 2554 1415 2620 pectore
1455 2550 1624 2603 fatur:

210 2628 342 2691 ‘Qui
380 2629 513 2681 mihi
554 2628 849 2682 Germanos
890 2628 1038 2680 solus
1076 2626 1421 2693 Francosque
1461 2624 1698 2696 subegit,

213 2701 320 2754 Cur
357 2703 596 2756 nondum
634 2702 835 2774 legitur
873 2701 1065 2754 fastis?
1106 2719 1198 2752 cur
1236 2699 1432 2769 pagina
1471 2702 1684 2753 tantum

210 2775 398 2827 Nescit
430 2777 602 2829 adhuc
632 2795 842 2846 nomen,
883 2775 1026 2845 quod
1056 2775 1163 2826 iam
1194 2791 1472 2826 numerare
1506 2773 1762 2826 decebat?
1813 2787 1898 2827 245

332 2942 417 2982 239
450 2936 691 2994 fecundat]
724 2938 933 2994 Bima&
963 2934 1198 2981 fecundet.
