2044 3220
187 114 221 165 2
231 113 296 165 12
734 111 975 155 CLAVDH
1007 111 1336 156 CLAVDIANI

188 248 448 319 Ambigat
488 251 581 299 aut
621 247 766 299 caelo
808 246 1016 298 dubitet
1053 265 1237 316 parere
1276 247 1546 299 vocanti?’

303 322 389 374 Sic
430 320 505 372 ait
543 321 900 389 hortatusque
941 339 1066 372 suos
1106 321 1356 389 belloque
1394 321 1616 388 viaeque
1790 335 1876 375 550

190 395 432 449 Instruit.
494 394 773 447 Attollunt
813 413 979 446 vanos
1021 396 1235 447 oracula
1273 392 1460 446 fastus,

192 469 236 522 Ο
278 487 485 537 semper
523 469 689 521 tacita
729 472 901 520 sortes
940 469 1164 539 ambage
1203 469 1470 538 malignae

189 544 511 611 Eventuque
549 547 738 611 patens
779 546 832 595 et
869 543 1047 595 nescia
1085 543 1299 594 vatibus
1339 542 1471 610 ipsis

187 616 319 670 Veri
360 635 476 669 sera
516 617 668 669 fides!
729 617 990 687 Ligurum
1029 616 1245 687 regione
1286 634 1534 684 suprema

189 691 442 744 Pervenit
482 691 810 743 ad-fluvium
850 691 971 742 miri
1013 690 1346 761 cognominis
1387 688 1643 759 ‘Vrbem',
1794 702 1879 743 555

171 763 371 834 'Atque
411 765 524 817 illic
564 765 798 817 domitus
837 765 928 817 vix
968 765 1182 816 tandem
1221 764 1511 832 interprete
1552 781 1678 816 casu

191 839 434 911 Agnovit
475 839 651 891 dubiis
691 839 867 890 inlusa
906 839 1167 890 vocabula
1207 838 1348 890 fatis,

301 912 416 967 Nec
453 932 565 965 non
605 917 656 964 et
698 912 923 964 Stilicho
963 931 1200 983 pugnam
1223 911 1514 980 'poscentia
1552 911 1721 964 movit

191 988 360 1041 Pleno
394 991 576 1039 castra
616 986 785 1056 gradu
826 987 1087 1054 dictisque
1126 986 1352 1057 instigat
1393 987 1600 1037 euntes:

193 1061 373 1114 ‘Nunc
409 1078 573 1130 nunc,
615 1079 644 1111 o
687 1060 840 1130 socii,
878 1064 1166 1112 temeratae
1207 1060 1401 1112 sumite
1439 1059 1656 1112 tandem
1793 1073 1879 1113 560
1927 1128 1931 1132 .
2012 1049 2016 1053 ’

195 1134 385 1187 Italiae
423 1152 646 1203 poenas,
688 1133 894 1185 obsessi
932 1133 1191 1202 principis
1232 1134 1393 1185 armis

191 1209 462 1262 Excusate
500 1208 652 1260 nefas
693 1208 1134 1276 deploratumque
1173 1208 1393 1260 Timavo

192 1283 406 1335 Vulnus
447 1286 499 1334 et
537 1281 798 1350 Alpinum
837 1281 1031 1352 gladiis
1063 1282 1283 1333 abolete
1321 1281 1593 1349 pudorem.

192 1357 297 1409 Hic
337 1360 440 1426 est,
483 1375 640 1424 quem
678 1356 878 1408 totiens
920 1356 1121 1423 campis
1161 1355 1378 1407 fudistis
1416 1353 1662 1424 Achivis,

195 1431 364 1493 Quem
404 1430 606 1482 discors
649 1430 889 1498 odiisque
929 1448 1122 1498 anceps
1164 1429 1410 1481 civilibus
1451 1428 1619 1498 orbiS,
1799 1441 1883 1482 565

193 1505 321 1559 Non
361 1524 456 1556 sua
495 1505 576 1557 Vis
616 1508 793 1556 tutata
833 1504 946 1574 (1111,
987 1504 1112 1555 dum
1151 1504 1364 1556 foedera
1405 1503 1572 1555 fallax
1725 1498 1734 1507 ’

192 1579 355 1631 Ludit
396 1582 449 1631 et
488 1579 723 1630 alternae
762 1577 995 1646 periuria
1033 1578 1273 1629 venditat
1313 1578 1478 1630 aulae.
1554 1611 1560 1616 -

198 1653 408 1706 Credite
446 1671 589 1704 nunc
629 1671 811 1704 omnes
822 1696 834 1721 ,
875 1670 1007 1720 quas
1048 1652 1161 1703 dira
1200 1652 1481 1703 Britannia
1520 1653 1730 1721 genteS,

197 1727 341 1790 Quas
380 1726 589 1796 Hister,
630 1745 761 1794 quas
800 1726 1021 1778 Rhenus
1062 1726 1181 1795 alit⁷
1219 1726 1447 1794 pendere
1485 1727 1701 1793 paratas

198 1800 263 1853 In
303 1800 560 1869 speculis:
599 1819 707 1852 uno
747 1804 831 1852 tot
869 1800 1074 1868 proelia
1112 1800 1308 1851 vincite
1347 1799 1506 1851 bello,
1646 1851 1650 1854 ,
1800 1810 1888 1851 570

195 1875 499 1927 Romanum
538 1878 780 1942 reparate
821 1874 979 1925 decus
1018 1874 1319 1941 molemque
1357 1871 1592 1924 labantis

195 1948 414 2017 Imperii
453 1949 638 2000 fulcite
677 1948 897 2017 umeris3
936 1948 1025 1999 hic
1065 1948 1242 2000 omnia
1283 1949 1501 2015 campus

195 2023 472 2092 Vindicat7
511 2022 641 2074 haec
674 2022 878 2074 'mundo
918 2040 1103 2090 pacem
1141 2021 1366 2074 victoria
1407 2020 1591 2072 sancit.

196 2097 324 2149 Non
363 2097 421 2148 in
459 2096 735 2148 Threiciis*
758 2095 950 2147 Haemi
992 2096 1321 2147 decernimus
1363 2096 1470 2147 oris

196 2171 311 2224 Nec
351 2188 509 2239 super
547 2170 786 2238 Alpheas
826 2169 1133 2221 umbrantia
1172 2169 1416 2221 Maenala
1455 2169 1599 2238 ripas
1803 2182 1888 2222 575

201 2245 578 2314 Constitimus3
616 2263 727 2296 non
764 2244 851 2295 hic
891 2244 1104 2314 Tegean
1142 2242 1427 2314 Argosque
1465 2246 1703 2294 tuemur:

198 2318 512 2371 Visceribus
551 2318 739 2369 mediis
776 2318 1005 2386 ipsoque
1043 2318 1101 2369 in
1141 2318 1295 2370 corde
1334 2317 1528 2369 videtis

198 2393 351 2445 Bella
392 2393 520 2463 geri.
582 2392 799 2453 Patrem
841 2392 1026 2460 clipeis
1067 2392 1332 2443 defendite
1372 2390 1666 2459 Thybrim?

200 2467 352 2518 Talia
391 2485 533 2518 nunc
571 2466 760 2535 pediti⁷
800 2469 1007 2517 turmae
1044 2484 1188 2518 nunc
1226 2466 1427 2517 mixtus
1467 2463 1703 2532 equestri

202 2540 361 2610 Dicta
403 2541 577 2592 dabat.

633 2613 805 2666 Simul
845 2613 1079 2665 externis
1119 2615 1402 2680 praecepta
1441 2612 1645 2664 ferebat
1803 2625 1890 2666 580

201 2686 449 2739 Auxiliis
511 2686 636 2738 Ibat
672 2687 881 2755 patiens
923 2685 1146 2738 dicionis
1185 2685 1414 2755 Alanus⁷

204 2761 574 2823 Qua‘nostrae
614 2761 816 2813 iussere
855 2761 1017 2812 tubae
1030 2803 1043 2829 ⁷
1081 2763 1414 2828 mortemque
1453 2759 1736 2828 petendam

324 2927 407 2965 553
440 2920 620 2979 nescia]
656 2922 912 2966 Gronovius
921 2939 938 2976 ,-
970 2920 1122 2964 noxia.
