2085 3215
189 141 261 193 64
739 138 984 183 CLAVDH
1017 137 1351 183 CLAVDIANI

191 276 398 330 Celsius
438 275 736 346 adsurgunt
777 277 981 327 erectae
1022 292 1220 327 cornua
1260 275 1421 327 matri
1430 319 1443 344 7

188 350 277 403 Sic
315 351 423 402 iam
462 349 760 401 terribilem
801 348 1030 400 stabulis
1071 349 1451 417 dominumque
1492 348 1726 402 ferarum

190 424 437 476 Crescere
476 424 704 476 miratur
743 423 988 493 genetrix
1026 422 1266 490 Massyla
1304 422 1527 475 leonem.

188 497 430 550 Dimovit
467 497 722 550 nebulam
759 497 1044 565 iuvenique
1085 496 1332 564 adparuit
1371 496 1576 567 ingens.
1801 506 1888 552 3'90

189 571 327 625 Tum
367 572 443 624 sic
483 590 605 624 orsa
643 571 816 639 loqui:

905 642 1198 706 ‘Quantum
1237 647 1290 695 te
1328 644 1570 713 principe
1608 645 1836 715 possim,

188 718 317 773 Non
354 719 653 790 longinqua
691 718 907 788 docent,
948 718 1151 769 domito
1193 717 1337 786 quod
1377 717 1586 771 Saxone
1626 717 1829 788 Tethys

189 793 378 846 Mitior
417 797 511 846 aut
549 794 721 845 fracto
763 810 947 845 secura
986 791 1268 843 Britannia
1306 791 1485 860 Picto3

191 867 335 921 Ante
374 867 534 937 pedes
574 867 767 919 humili
805 866 1013 918 Franco
1054 866 1305 934 tristique
1347 864 1524 919 Suebo

189 941 447 994 Perfruor
487 945 539 993 et
577 944 825 993 nostrum
863 940 1016 992 video
1027 983 1039 1009 ,
1081 939 1415 1007 Germanice,
1454 939 1717 993 Rhenum.
1803 953 1890 994 395

192 1015 297 1068 Sed
337 1015 466 1084 quid
504 1015 697 1086 agam?
751 1014 973 1066 Discors
1015 1012 1204 1066 Oriens
1243 1013 1491 1066 felicibus
1531 1014 1666 1067 actis

191 1088 402 1142 Invidet
443 1093 603 1158 atque
644 1089 750 1140 alio
789 1088 997 1140 Phoebi
1037 1087 1098 1139 de
1140 1087 1351 1140 cardine
1392 1092 1622 1158 surgunt

193 1163 452 1232 Crimina,
490 1181 557 1215 ne
596 1166 715 1215 toto
757 1163 1027 1231 conspiret
1068 1180 1289 1230 corpore
1330 1179 1568 1232 regnum.

193 1237 439 1290 Gildonis
478 1241 630 1289 taceo
670 1255 866 1307 magna
906 1254 1027 1288 cum
1066 1236 1222 1288 laude
1266 1240 1534 1304 receptam

191 1311 481 1365 Perfidiam
520 1314 573 1363 et
613 1311 782 1362 fretos
821 1310 940 1362 Eoo
980 1310 1174 1362 robore
1210 1309 1443 1362 Mauros.
1805 1323 1892 1364 400

195 1386 341 1448 Quae
383 1389 631 1454 suscepta
670 1385 862 1455 fameS‚
903 1388 1165 1452 quantum
1205 1384 1528 1436 discriminis
1568 1383 1714 1453 urbi,

192 1459 267 1513 Ni
306 1464 401 1512 tua
439 1459 525 1512 vel
566 1459 737 1511 soceri
774 1477 1069 1526 numquam
1107 1476 1219 1510 non
1256 1457 1480 1526 provida
1518 1457 1691 1510 virtus

193 1533 505 1587 Australem
543 1532 762 1585 Arctois
800 1536 1079 1601 pensasset
1118 1532 1368 1603 frugibus
1412 1550 1624 1584 annum.

194 1607 443 1661 Invectae
482 1607 734 1659 Rhodani
773 1606 1025 1659 Tiberina
1064 1625 1160 1675 per
1200 1607 1337 1658 ostia
1379 1606 1576 1658 classes

197 1682 585 1751 Cinyphiisque
624 1682 775 1733 ferax
813 1680 1001 1732 Araris
1043 1680 1300 1732 successit
1340 1679 1534 1732 aristis
1806 1692 1894 1732 405

194 1756 522 1808 Teutonicus
562 1773 746 1807 vomer
784 1754 1149 1823 Pyrenaeique
1189 1753 1399 1806 iuvenci

196 1830 463 1883 Sudavere
502 1829 657 1898 mihi3
698 1832 905 1899 segetes
944 1828 1208 1880 mirantur
1247 1827 1478 1880 Hiberas

194 1903 425 1973 Horrea3
463 1922 561 1956 nec
599 1903 802 1971 Libyae
844 1905 1124 1954 senserunt
1164 1902 1356 1954 damna
1395 1901 1611 1953 rebellis

193 1976 308 2030 Iam
347 1977 681 2046 transalpina
722 1977 961 2029 contenti
1000 1994 1172 2028 messe
1214 1975 1461 2038 Quirites,

196 2051 295 2104 Ille
337 2052 550 2120 quidem
592 2051 753 2103 solvit
793 2050 1011 2103 meritas
1053 2049 1179 2122 (scit
1218 2048 1481 2120 Tabraca)
1522 2065 1745 2118 poenaS,
1807 2061 1896 2101 410

196 2126 272 2178 Vt
311 2129 493 2194 pereat
534 2126 854 2194 quicumque
893 2125 1003 2177 tuis
1044 2124 1344 2177 conflixerit
1384 2123 1559 2175 armis

309 2200 468 2252 ‘Ecce
508 2218 698 2268 repens
738 2199 907 2251 isdem
947 2199 1123 2251 clades
1164 2217 1193 2250 a
1231 2198 1478 2267 partibus
1519 2196 1628 2249 exit

197 2274 545 2343 Terrorisque
584 2274 784 2342 minUS,
826 2273 918 2325 sed
954 2273 1078 2342 plus
1118 2272 1370 2324 habitura
1408 2271 1628 2340 pudoris

198 2348 497 2417 Eutropius
537 2348 739 2400 consul.
817 2347 1030 2399 Pridem
1069 2347 1298 2399 tolerare
1339 2346 1571 2398 fatemur

198 2421 318 2474 Hoc
357 2440 549 2492 genus,
589 2420 813 2473 Arsacio
852 2425 1143 2490 postquam
1184 2439 1238 2472 se
1278 2420 1425 2490 regia
1464 2419 1609 2470 fastu
1810 2429 1897 2470 415

201 2495 433 2548 Sustulit
475 2500 526 2548 et
565 2499 784 2548 nostros
826 2496 1064 2564 corrupit
1103 2494 1325 2547 Parthia
1364 2510 1553 2545 mores,

199 2569 463 2622 Praefecti
504 2570 596 2622 sed
635 2570 807 2622 adhuc
846 2569 1072 2640 gemmis
1111 2569 1354 2636 vestique
1394 2566 1660 2618 dabantur

204 2642 464 2695 Custodes
505 2662 762 2712 sacroque
803 2644 1053 2695 adhibere
1094 2642 1307 2695 silentia
1348 2658 1562 2706 somn03

200 2715 397 2768 Militia
438 2718 666 2770 eunuchi
704 2736 999 2786 numquam
1037 2733 1321 2787 progressa
1362 2714 1548 2779 cubili,
1971 2778 1975 2782 q

200 2789 328 2842 Non
365 2791 477 2843 vita
517 2792 811 2860 spondente
851 2791 1033 2861 fidem3
1074 2791 1166 2843 sed
1203 2789 1396 2842 inertia
1435 2791 1615 2841 tutum
1810 2798 1902 2840 420

201 2863 400 2916 Mentis
439 2865 636 2935 pignus
676 2870 802 2918 erat.
882 2865 1096 2918 Secreta
1134 2863 1356 2916 monilia
1396 2865 1632 2932 servent,

203 2936 437 2990 Ornatus
478 2944 662 2992 curent
702 2940 916 3009 Tyrios:
957 2958 987 2991 a
1026 2939 1203 2991 fronte
1243 2936 1491 2990 recedant
