2044 3220
262 141 370 193 ,⁶348
795 137 1038 182 CLAVDII
1071 138 1398 183 CLAVDIANI

265 275 367 330 Sed
408 275 548 343 quod
587 274 831 326 Threicio
872 272 1005 325 Iuno
1045 274 1324 342 placabilis
1366 272 1586 344 Orphei,

338 349 454 400 Hoc
494 349 697 417 poteris
737 348 877 400 votis
918 365 1053 417 esse,
1093 347 1311 417 Serena,
1351 348 1496 400 111015.

263 422 418 474 Illius
459 425 738 490 expectent
777 421 1091 473 famulantia
1132 422 1302 473 sidera
1339 425 1556 490 nutum3
1890 437 1946 476 35

339 495 448 548 Sub
488 496 713 564 pedibus
752 495 958 566 regitur
995 499 1136 547 terra
1176 496 1477 563 fretumque
1515 465 1638 548 tin's.

262 569 390 623 Non
430 588 550 640 080,
592 589 711 622 011111
749 573 1006 638 peterem,
1046 569 1292 621 sollemni
1330 587 1476 621 more
1515 587 1800 639 procorum

338 643 569 696 Promisi
608 643 862 714 gregibus
901 661 1097 711 pascua
1135 643 1293 711 plena
1331 643 1463 694 meis

265 717 399 787 Nec,
442 717 583 785 quod
621 717 767 769 mille
807 716 939 768 mihi
978 717 1180 768 lateant
1221 717 1319 768 sub
1358 716 1578 784 palmite
1619 717 1783 769 colles

338 761 589 843 Fluctuet
630 794 681 842 et
721 791 910 861 glauca
948 790 1165 860 pinguis
1206 791 1346 842 oliva
1387 809 1558 859 coma,
1890 805 1948 844 40

265 864 401 934 Nec,
441 865 583 933 quod
620 869 807 916 nostra
849 863 1005 915 Ceres
1042 882 1326 916 numerosa
1364 864 1499 916 falce
1538 864 1747 917 laboret

340 938 681 1006 Aurataeque
721 939 895 989 ferant
936 937 1346 989 culmina·celsa
1385 938 1578 991 trabes

270 1011 489 1065 Suffecit
528 1012 806 1063 mandasse
847 1011 1018 1062 deam:
1059 1014 1152 1062 tua
1190 1012 1370 1063 littera
1408 1012 1565 1064 nobis

341 1086 414 1138 Et
452 1104 614 1154 pecus
656 1089 707 1137 et
747 1088 953 1155 segetes
994 1087 1046 1136 et
1086 1084 1272 1136 domus
1313 1086 1489 1154 ampla
1527 1086 1644 1139 fuit.

266 1159 481 1212 Inflexit
523 1178 734 1211 soceros
775 1163 826 1210 et
865 1158 1143 1210 maiestate
1181 1159 1395 1226 petendi
1550 1188 1552 1190 ·
1893 1172 1950 1212 45

342 1234 496 1285 Texit
534 1233 842 1301 pauperiem
879 1232 1112 1284 nominis
1151 1232 1340 1283 umbra
1378 1233 1473 1285 tui.

269 1307 408 1370 Quid
444 1325 555 1359 non
592 1308 870 1375 perficeret
911 1306 1192 1358 scribentis
1231 1324 1359 1358 voce
1401 1305 1625 1358 Serenae

339 1381 443 1433 Vel
481 1381 669 1452 genius
709 1381 861 1451 regni
899 1381 985 1432 vel
1022 1380 1239 1448 pietatis
1279 1381 1464 1432 amor?

265 1528 445 1596 Atque
483 1529 692 1581 utinam
732 1528 830 1580 sub
870 1528 987 1580 luce
1026 1528 1106 1579 tui
1147 1528 1480 1598 contingeret
1520 1527 1627 1580 oris

347 1603 602 1673 Coniugis
643 1606 695 1654 et
736 1602 924 1654 castris
965 1605 1017 1653 et
1059 1601 1193 1653 solio
1234 1601 1416 1671 generi
1897 1615 1954 1653 50

270 1674 528 1745 Optatum
569 1676 833 1728 celebrare
875 1675 1034 1726 diem!
1074 1693 1157 1726 me
1196 1675 1440 1744 iungeiet
1480 1693 1679 1742 auspex

342 1750 607 1819 Purpur7a
646 1768 730 1801 me
771 1753 955 1800 sancto
998 1749 1239 1819 cingeret
1272 1749 1393 1799 aula
1434 1748 1618 1800 choro!

267 1823 342 1875 Et
381 1823 513 1875 mihi
554 1842 713 1891 quam
753 1823 966 1890 scriptis
1007 1822 1358 1890 desponderat
1397 1825 1520 1873 ante
1557 1821 1813 1891 puellam,

346 1897 621 1967 Coniugiis
662 1897 842 1948 eadem
880 1896 1123 1978 pronuba
1164 1895 1348 1947 dextra
1388 1895 1557 1948 daret!

267 1970 426 2023 Nunc
464 1971 698 2022 medium
738 1970 990 2038 quoniam
1027 1969 1170 2021 votis
1209 1968 1503 2021 maioribus
1543 1987 1741 2037 aequor

343 2043 551 2096 Invidet
592 2048 643 2096 et
680 2044 913 2112 Libycae
953 2043 1172 2094 dissidet
1213 2061 1305 2094 ora
1342 2043 1556 2114 plagae,

270 2117 472 2171 Saltem
512 2119 727 2188 absens7
765 2118 973 2188 regina,
1011 2117 1130 2168 fave
1170 2117 1478 2185 reditusque
1518 2116 1776 2168 secundos

345 2192 533 2244 Adnue
575 2192 777 2244 sidereo
817 2192 958 2243 laeta
999 2190 1296 2259 supercilio.

271 2266 554 2318 Terrarum
593 2270 653 2318 tu
691 2266 863 2334 pande
901 2265 1037 2334 viaS‚
1076 2268 1138 2316 tu
1176 2264 1398 2316 mitibus
1437 2264 1598 2316 Euris

344 2340 594 2408 Aequora
632 2340 812 2408 pacari
850 2339 1188 2407 prosperiora
1227 2338 1373 2407 iube,
1897 2352 1954 2390 60

269 2413 346 2465 Vt
385 2414 487 2465 tibi
525 2413 760 2465 Pierides
801 2413 1121 2479 doctumque
1160 2412 1330 2463 fluens
1369 2410 1651 2482 Aganippe

346 2487 542 2540 Debita
584 2491 792 2540 servato
832 2490 959 2539 vota
999 2486 1190 2538 cliente
1230 2488 1435 2537 canant.

916 2644 1101 2689 xxxa.
1136 2643 1312 2700 (xcv.)

843 2756 932 2803 DE
976 2753 1383 2802 SALVATORE.

387 2854 596 2907 Christe
613 2858 825 2937 ’potens
863 2873 1061 2923 rerum⁷
1099 2853 1368 2905 redeuntis
1409 2851 1653 2904 conditor
1690 2851 1828 2921 aevi,

272 2929 394 2981 Vox
435 2928 627 2980 summi
668 2946 958 2996 sensusque
999 2927 1103 2996 (101,
1144 2944 1300 2994 quem
1338 2926 1477 2977 fudit
1516 2916 1582 2977 ab
1624 2926 1732 2977 alta
