2044 3220
174 103 425 163 (xxviii.)
456 103 885 150 PANEGYRICVS
918 105 998 148 DE
1035 106 1228 151 sExro
1255 106 1422 153 CONS.
1456 108 1729 156 Honoan.
1773 111 1877 163 179

168 240 358 293 Visere
400 240 646 310 deposito
688 240 942 311 dignatus
983 241 1172 294 limina
1212 242 1373 296 fastu,

166 314 427 368 Publicus
466 315 596 368 hinc
635 315 867 368 ardescit
908 333 1081 386 amor,
1122 334 1244 369 cum
1282 317 1526 371 moribus
1569 319 1756 388 aequis

165 388 400 442 Inclinat
438 389 641 459 populo
681 389 861 460 regale
900 390 1166 442 modestia
1207 391 1432 445 culmen.

165 463 347 532 Teque
387 464 575 517 rudem
614 464 774 534 vitae,
816 464 1063 532 quamvis
1105 464 1404 518 diademate
1443 468 1671 521 necdum

167 537 467 610 Cingebare
508 557 687 591 comas
696 582 710 609 ,
751 538 958 591 socium
998 539 1246 592 sumebat
1285 540 1554 594 honorum

162 612 444 682 Purpureo
483 613 660 666 fotum
699 613 905 684 gremio
916 657 929 683 ,
967 632 1302 683 parvumque
1341 615 1638 685 triumphis

163 685 368 740 Imbuit
410 691 462 740 et
502 687 714 758 magnis
757 687 939 740 docuit
977 688 1292 757 praeludere
1333 689 1475 742 fatis.

164 761 237 814 Te
277 762 482 833 linguis
520 762 700 815 variae
741 761 929 833 gentes
969 762 1230 831 missique
1269 767 1524 834 rogatum

161 835 400 890 Foedera
437 836 726 889 Persarum
765 855 1014 906 proceres
1057 855 1177 889 cum
1216 841 1370 907 patie
1412 838 1684 892 sedentem

161 911 280 964 Hac
320 911 590 981 quondam
628 911 810 964 videre
851 911 1009 964 domo
1049 912 1338 981 positoque
1378 912 1575 965 tiaram

162 985 489 1039 Summisere
528 1005 684 1058 genu.
754 985 954 1038 Tecum
992 987 1277 1058 praelarga
1315 988 1530 1040 vocavit

159 1060 426 1113 Ditandas
468 1061 534 1113 ad
574 1061 713 1114 dona
751 1061 954 1132 tribus·
994 1061 1263 1133 fulgentia
1301 1065 1481 1115 tecum

162 1134 389 1188 Collecti
427 1133 708 1188 trabeatus
750 1135 861 1188 adit
901 1136 1125 1188 delubra
1166 1139 1386 1189 senatus

157 1209 405 1263 Romano
445 1230 674 1294 puerum
712 1210 952 1294 gaudens
994 1211 1184 1263 offerre
1225 1210 1414 1280 favori,

156 1283 234 1337 Vt
272 1303 446 1338 novus
485 1285 714 1355 imperio
755 1285 863 1338 iam
902 1289 1033 1338 tunc
1073 1285 1412 1337 adsuesceret
1451 1284 1623 1340 her.es

270 1358 415 1411 Hinc
455 1359 559 1411 tibi
600 1363 848 1412 concreta
888 1359 1067 1412 radice
1109 1359 1352 1412 tenacius
1391 1359 1569 1412 haesit

156 1432 232 1485 Et
270 1433 488 1502 penitus
527 1433 661 1486 totis
702 1434 930 1486 inolevit
969 1434 1143 1486 Roma
1182 1434 1450 1504 medulh'S,

156 1507 508 1577 Dilectaeque
547 1509 700 1560 urbis
740 1512 926 1560 tenero
968 1511 1259 1577 conceptus
1301 1509 1368 1560 ab
1408 1526 1589 1578 ungue

157 1581 357 1635 Tecum
398 1582 566 1635 crevit
607 1601 771 1635 amor.
849 1582 964 1636 Nec
1003 1586 1058 1635 te
1097 1586 1308 1635 mutare
1347 1591 1622 1635 reversum

155 1656 379 1710 Evaluit
417 1656 638 1726 propria
676 1657 918 1710 nutritor
956 1657 1274 1727 Bosphorus
1314 1675 1448 1710 3100.

155 1731 230 1784 Et
272 1732 525 1800 quotiens
566 1735 754 1802 optare
793 1731 897 1785 tibi
939 1750 1074 1801 quae
1115 1732 1329 1785 moenia
1367 1732 1559 1784 malles

155 1805 434 1859 Adludens
474 1806 691 1878 genitor
730 1806 883 1878 regni
921 1825 1020 1877 pro
1060 1810 1215 1876 parte
1256 1806 1505 1877 dedisset,

155 1880 359 1932 Divitis
399 1879 642 1933 Aurorae
684 1881 881 1933 solium
922 1884 1231 1950 sortemque
1269 1884 1516 1950 paratam

157 1953 361 2024 Sponte
401 1955 718 2007 remittebas
758 1955 942 2008 fratri·
984 1957 1170 2026 regat
1209 1955 1303 2007 ille
1342 1956 1586 2008 volentes

154 2028 436 2099 Assyrios3
475 2029 674 2081 habeat
712 2028 973 2081 Pharium
1013 2048 1135 2082 cum
1174 2029 1393 2100 Tigride
1431 2028 1647 2099 Nilum3

158 2103 456 2175 Contingat
495 2122 613 2156 mea
653 2103 828 2156 Roma
866 2103 1037 2156 mihi?
1114 2103 1230 2156 Nec
1268 2107 1397 2155 vota
1435 2102 1630 2155 fefellit

154 2178 413 2231 Eventus.
490 2177 733 2230 Fortuna
771 2196 972 2230 novum
1011 2177 1204 2230 molita
1242 2181 1536 2246 tyrannum

154 2251 271 2305 Iam
309 2253 414 2305 tibi
456 2252 747 2321 quaerebat
786 2252 1005 2305 Latium
1044 2252 1297 2320 belloque
1338 2251 1570 2304 secundo

154 2327 414 2380 Protinus
453 2327 572 2380 an
610 2327 768 2381 velox
809 2327 1014 2380 accitus
1055 2327 1142 2387 ab,
1164 2326 1287 2379 aula

157 2400 400 2471 Suscipis
439 2401 759 2471 Hesperiam
798 2401 976 2472 patrio
1016 2401 1103 2453 bis
1143 2400 1319 2453 Marte
1358 2403 1644 2469 receptam.

154 2475 280 2546 Ipsa
318 2496 413 2546 per
451 2475 701 2546 Illyricas
740 2477 901 2530 urbes
943 2475 1162 2529 Oriente
1200 2475 1392 2528 relicto

153 2550 240 2604 Ire
280 2550 478 2604 Serena
518 2570 694 2605 comes
733 2551 887 2605 nullo
930 2550 1185 2604 deterrita
1225 2568 1367 2620 casn,

154 2625 400 2678 Materna
438 2630 493 2679 te
531 2630 710 2679 mente
748 2626 937 2680 fovens
976 2625 1244 2709 Latioque
1283 2624 1527 2677 futurum

154 2700 441 2753 Rectorem
479 2719 843 2772 generumque
884 2701 990 2754 sibi
1031 2699 1239 2753 seniore
1280 2716 1539 2767 supernas

155 2772 271 2827 Iam
309 2778 585 2844 repetente
623 2776 829 2847 plagas,
906 2774 1010 2828 Illo
1052 2774 1151 2827 sub
1193 2772 1408 2826 cardine
1446 2792 1626 2826 rerum

75 2866 77 2868 ·
157 2847 353 2901 Sedula
395 2853 666 2903 servatum
705 2869 800 2920 per
838 2853 923 2903 tot
964 2848 1276 2902 discrimina
1315 2847 1516 2931 pignus

155 2921 421 2999 Restituit
462 2924 689 2993 sceptris
728 2924 910 2995 patrui
951 2923 1250 2991 castrisque
1289 2922 1485 2976 mariti.

1410 3009 1499 3054 12*

1819 483 1875 523 65

1817 856 1872 894 70

1814 1225 1868 1265 75

1812 1597 1868 1638 80

1808 1969 1864 2009 85

1806 2340 1862 2379 90

1803 2711 1858 2752 95
