2039 3235
175 112 208 163 2
715 110 956 154 CLAVDII
989 111 1315 155 CLAVDIANI

176 246 323 298 Tunc
365 246 519 297 iubar
557 244 775 296 Arcturi
815 245 1049 315 languet,
1087 249 1214 297 tunc
1254 246 1400 297 fulva
1439 246 1635 298 Leonis
1799 261 1859 302 25

177 319 262 371 Ira
302 320 456 387 perit,
495 318 745 369 Plaustro
787 319 893 369 iam
933 337 1051 369 rara
1092 319 1394 370 intermicat
1433 319 1628 372 Arctos

176 392 462 462 Indignata
502 392 628 461 tegi,
669 392 775 442 iam
816 392 1175 462 caligantibus
1216 393 1378 443 armis

176 466 386 518 Debilis
428 464 596 516 Orion
635 465 874 516 dextram
913 466 1139 516 miratur
1178 466 1415 517 inertem.

291 538 456 600 Quem
496 538 645 606 prius
687 538 1002 608 adgrediar?
1055 538 1268 590 Veteris
1310 538 1430 606 quis
1462 539 1604 591 facta
1635 539 1861 592 Probini

176 612 398 665 Nesciat
438 616 530 663 aut
568 612 764 662 nimias
804 612 986 663 laudes
1027 612 1238 681 ignoret
1280 611 1505 679 Olybri‘?
1803 628 1860 666 30

287 685 440 736 Vivit
480 685 651 736 adhuc
692 686 1026 753 completque
1065 686 1217 755 vagis
1258 686 1593 737 sermonibus
1634 705 1786 738 aures

180 758 365 811 Gloria
404 759 523 809 fusa
562 758 743 826 Probi⁷
785 776 943 825 quam
981 776 1092 809 non
1129 762 1353 809 ventura
1393 759 1628 811 silebunt

177 833 372 884 Lustra
410 850 507 883 nec
547 831 733 900 ignota
773 831 944 899 rapiet
987 831 1084 882 sub
1124 831 1265 882 nube
1304 836 1556 884 vetustas,

178 905 339 957 Illum
379 905 521 956 fama
559 904 707 956 vehit
746 908 895 955 trans
937 922 1167 972 aequora
1206 908 1461 972 transque
1500 910 1732 958 remotas

178 979 415 1046 Tethyos
455 978 706 1047 ambages
745 977 1135 1045 Atlanteosque
1175 996 1426 1030 recessus
1807 994 1862 1033 35

177 1052 367 1104 Audiit
408 1055 459 1103 et
499 1051 676 1121 gelido
719 1051 765 1102 si
806 1070 962 1119 quem
1001 1051 1235 1102 Maeotia
1274 1052 1446 1119 pascit

181 1125 291 1178 Sub
331 1124 456 1177 Iove
496 1125 581 1176 vel
621 1124 792 1176 calido
834 1125 880 1175 si
922 1124 1042 1192 quis
1084 1125 1398 1176 coniunctus
1439 1125 1496 1176 in
1535 1144 1631 1177 axe

178 1199 501 1251 Nascentem
540 1202 608 1266 te,
647 1197 787 1266 Nile,
827 1198 982 1249 bibit.
1044 1197 1356 1249 Virtutibus
1397 1199 1487 1250 ille

178 1272 473 1324 Fortunam
513 1271 719 1323 domuit
756 1289 1154 1338 numquamque
1193 1271 1497 1323 levantibus
1537 1272 1642 1323 alte

179 1345 444 1397 Intumuit
482 1345 664 1413 rebus3
706 1344 798 1396 sed
835 1363 984 1396 mens
1026 1345 1333 1396 circumflua
1371 1345 1502 1397 luxu
1808 1360 1865 1399 40

179 1419 418 1471 Noverat
457 1418 720 1470 intactum
758 1418 893 1469 vitio
936 1437 1144 1470 servare
1183 1419 1429 1488 rigorem.

180 1493 287 1544 Hic
324 1510 434 1544 non
474 1492 691 1543 divitias
730 1492 1074 1561 nigrantibus
1115 1492 1321 1543 abdidit
1361 1493 1531 1544 antris

181 1566 296 1619 Nec
334 1566 570 1617 tenebris
612 1565 884 1616 damnavit
925 1584 1073 1634 opes3
1114 1565 1206 1616 sed
1243 1565 1446 1635 largior
1486 1566 1656 1617 imbre

183 1639 437 1692 Sueverat
477 1639 783 1690 imiumeras
822 1638 1102 1689 hominum
1139 1639 1307 1690 ditare
1349 1643 1600 1691 catervas.

185 1713 392 1781 Quippe
431 1712 577 1763 velut
617 1712 779 1763 denso
821 1712 1088 1763 currentia
1127 1730 1346 1763 munera
1383 1713 1569 1764 nimbo
1809 1727 1865 1766 45

186 1786 410 1838 Cernere
451 1804 657 1853 semper
696 1789 823 1853 erat,
862 1785 1076 1853 populis
1115 1785 1314 1836 undare
1353 1789 1587 1856 penates,

182 1859 453 1911 Adsiduos
494 1859 693 1910 intrare
733 1859 935 1927 inopes,
975 1877 1209 1909 remeare
1247 1859 1448 1911 beatos.

183 1933 443 2001 Praeceps
484 1932 577 1983 illa
617 1950 805 1983 manus
845 1932 1038 1983 fluvios
1079 1932 1364 2000 superabat
1403 1932 1637 1984 Hiberos

186 2006 362 2058 Aurea
404 2006 540 2057 dona
580 2024 813 2074 vomens,
855 2005 900 2056 si
942 2005 1063 2072 quis
1101 2006 1292 2057 tellure
1332 2006 1542 2057 revulsa

187 2079 448 2132 Sollicitis
489 2079 697 2130 fodiens
736 2079 963 2130 miratur
1003 2078 1232 2130 collibus
1273 2097 1476 2149 aurum,
1810 2094 1866 2133 50

188 2153 456 2215 Quantum
497 2157 687 2222 stagna
727 2152 861 2222 Tagi
902 2152 1125 2203 rudibus
1167 2153 1431 2204 stillantia
1468 2153 1619 2205 venis

185 2227 458 2278 Effluxere
499 2226 671 2294 decus,
712 2230 911 2293 quanto
951 2226 1188 2294 pretiosa
1225 2226 1431 2277 metalli

185 2300 372 2351 Hermi
412 2300 529 2368 ripa
568 2299 746 2368 micat,
787 2302 1013 2366 quantas
1052 2318 1146 2367 per
1183 2299 1354 2368 Lydia
1394 2299 1537 2351 culta

186 2373 481 2442 Despumat
520 2373 712 2424 rutilas
753 2373 899 2424 dives
938 2372 1190 2424 Pactolus
1229 2372 1468 2424 harenas

296 2447 437 2516 Non,
475 2446 611 2497 mihi
651 2446 886 2497 centenis
925 2449 1142 2513 pateant
1183 2446 1229 2496 si
1268 2446 1491 2497 vocibus
1532 2463 1624 2497 ora
1811 2460 1865 2499 55

187 2520 594 2587 Multifidusque
633 2523 753 2570 ruat
794 2523 1006 2571 centum
1044 2538 1138 2587 per
1175 2523 1391 2587 pectora
1428 2519 1694 2588 Phoebus,

187 2593 324 2645 Acta
362 2593 528 2644 Probi
566 2611 782 2644 narrare
823 2611 1026 2661 queam,
1067 2597 1197 2660 quot
1237 2593 1294 2644 in
1333 2593 1516 2644 ordine
1556 2596 1741 2663 gentes

188 2667 423 2735 Rexerit⁷
463 2667 528 2717 ad
568 2667 762 2717 summi
803 2666 1051 2734 quotiens
1090 2666 1310 2736 fastigia
1349 2666 1483 2718 iuris

188 2739 433 2808 Venerit,
472 2739 660 2791 Italiae
700 2740 806 2791 late
847 2758 966 2791 cum
1005 2740 1155 2791 frena
1192 2743 1397 2791 teneret

309 2903 363 2942 36
397 2898 623 2955 Maeotia]
661 2898 917 2954 Claverius5
946 2898 1160 2943 meotica.

2032 1538 2039 1850 .-.-...—-..-„„-—
2038 1511 2039 1514 „
2038 1480 2039 1484 „
