2044 3220
217 106 551 154 CARMINVM
582 106 876 151 MlNORVM
909 107 1371 164 CORPVSOVLVM,
1404 123 1440 154 c.
1468 110 1628 156 XXVI.
1695 111 1804 164 233

110 243 279 298 Nullo
321 261 440 295 cum
480 242 708 310 strepitu
746 241 972 293 madidis
1010 243 1209 295 infecta
1248 243 1448 296 favillis

186 317 484 385 Despumat
522 315 737 367 niveum
776 315 959 367 fistula
1001 334 1130 368 cana
1171 317 1350 369 salem.

110 390 408 444 Multifidas
449 388 708 459 dispergit
749 406 875 456 opes
916 392 1190 457 artemque
1232 395 1445 443 secutus
1455 436 1468 461 7

186 463 301 528 Qua
338 465 540 516 iussere
578 480 790 532 manus,
829 462 1028 514 mobile
1069 467 1286 531 torquet
1324 465 1428 516 iter

108 537 183 591 Et
221 539 434 590 iunctos
473 536 658 605 rapido
698 539 890 604 pontes
931 536 1259 588 subtermeat
1299 542 1450 590 aestu

185 610 535 679 Adfiatasque
574 627 712 679 vago
753 613 1016 678 temperat
1055 611 1180 680 igne
1219 611 1415 663 tholos

106 683 300 737 Acrior
336 685 584 753 interim,
624 683 772 735 rauci
813 701 933 735 cum
972 702 1243 736 murmure
1285 686 1398 736 saxi
1409 729 1421 753 ⁷

186 757 449 827 Spumeus
490 758 621 810 eliso
661 757 884 825 pellitur
923 776 1076 809 amne
1114 776 1295 826 vapor.
1336 790 1409 794 —

107 831 250 884 Hinc
288 832 470 903 pigras
509 834 760 899 repetunt
800 831 929 882 fessi
970 832 1161 883 sudore
1202 832 1443 900 lacunas,

179 905 406 976 Frigora
447 904 566 973 quis
606 905 799 975 longae
839 905 1035 956 blanda
1077 905 1262 956 dedere
1302 923 1495 957 morae.

108 1014 264 1068 Salve
303 1015 567 1067 Paeoniae
606 1015 836 1086 largitor
872 1015 1073 1066 nobilis
1113 1015 1311 1085 undae,

179 1089 438 1141 Dardanii
479 1089 623 1140 salve
664 1089 837 1159 gloria
876 1108 1071 1159 magna
1112 1089 1236 1158 soli7

103 1163 328 1214 Publica
367 1163 680 1214 morborum
718 1162 952 1232 requies7
994 1181 1272 1214 commune
1312 1162 1618 1214 medentum

177 1235 478 1306 Auxilium,
517 1255 769 1305 praesens
807 1255 1028 1305 numen,
1068 1237 1306 1304 inempta
1347 1236 1504 1288 salus,

106 1309 211 1362 Seu
250 1310 425 1378 ruptis
464 1311 673 1362 inferna
712 1313 876 1361 ruunt
915 1310 1159 1361 incendia
1199 1310 1330 1378 ripis

177 1383 251 1435 Et
289 1387 478 1436 nostro
517 1383 860 1454 Phlegethon
899 1384 1081 1435 devius
1123 1384 1251 1435 orbe
1292 1383 1450 1452 calet,

104 1456 391 1525 Sulphuris
430 1458 488 1509 in
525 1476 688 1509 venas
728 1457 937 1528 gelidus
979 1476 1072 1509 seu
1112 1457 1305 1508 decidit
1346 1458 1516 1509 amnis

176 1530 556 1599 Accensusque
595 1532 716 1583 fluit
758 1529 926 1602 (quod
964 1531 1276 1582 manifestat
1317 1529 1494 1601 odor)7

104 1603 225 1657 Sive
264 1622 419 1673 pares
459 1606 702 1656 flammas
742 1605 1007 1656 undarum
1046 1605 1196 1656 lance
1236 1604 1529 1672 rependens

175 1677 397 1730 Arbiter
434 1678 493 1730 in
530 1678 718 1730 foedus
758 1697 914 1730 mons
955 1678 1216 1730 elementa
1255 1681 1434 1747 vocat,

100 1751 184 1805 Ne
225 1752 414 1804 cedant
454 1755 704 1820 superata
745 1752 870 1822 sibi,
912 1752 1003 1803 sed
1041 1752 1253 1822 legibus
1295 1752 1478 1820 aequis

175 1825 417 1877 Alterius
457 1825 597 1878 vires
636 1826 810 1894 possit
850 1829 1139 1894 utrumque
1178 1826 1312 1894 pati:

103 1899 374 1967 Quidquid
413 1899 514 1951 erit
555 1918 743 1951 causae
752 1943 766 1969 7
807 1918 1143 1967 quocumque
1183 1900 1444 1951 emitteris
1486 1904 1634 1969 ortu,

176 1972 304 2027 Non
343 1973 456 2024 sine
497 1974 721 2025 consilio
763 1991 972 2025 currere
1013 1976 1156 2024 certa
1195 1973 1341 2025 fides.

103 2046 234 2109 Quis
276 2065 457 2098 casum
496 2047 701 2098 meritis
742 2047 1041 2098 adscribere
1080 2046 1282 2098 talibus
1323 2047 1518 2098 audet?

178 2120 308 2183 Quis
346 2124 511 2191 negat
551 2124 795 2172 auctores
834 2120 966 2171 haec
1006 2120 1259 2171 statuisse
1300 2120 1462 2172 deos‘?

100 2193 200 2247 Ille
237 2197 391 2263 pater
429 2213 631 2263 rerum,
673 2194 764 2262 qui
806 2194 1016 2246 saecula
1058 2193 1244 2245 dividit
1286 2194 1468 2263 astris,

177 2267 326 2320 Inter
363 2269 536 2337 prima
574 2268 688 2336 poli
728 2272 779 2320 te
822 2286 1032 2335 quoque
1075 2286 1223 2319 sacra
1264 2267 1407 2319 dedit

100 2341 175 2394 Et
214 2342 463 2412 fragilem
500 2343 675 2393 nostri
714 2342 999 2394 miseratus
1041 2341 1279 2409 corporis
1318 2359 1476 2393 usum

176 2415 379 2467 Telluri
417 2416 650 2467 medicas
689 2416 909 2468 fundere
947 2416 1107 2467 iussit
1147 2433 1334 2484 aquaS‚

100 2489 497 2558 Parcarumque
538 2490 685 2541 colos
727 2493 1010 2541 exoratura
1052 2507 1260 2541 severas

174 2562 424 2615 Flumina
463 2563 658 2615 laxatis
700 2564 959 2616 emicuere
999 2563 1155 2633 iugis,

99 2672 327 2743 Felices,
365 2674 644 2742 proprium
685 2674 778 2742 qui
815 2678 869 2726 te
908 2691 1168 2742 meruere,
1210 2673 1408 2742 coloni⁷

175 2746 280 2798 Fas
321 2747 516 2814 quibus
557 2751 638 2800 est
677 2747 912 2817 Aponon
949 2747 1081 2799 iuris
1121 2747 1318 2798 habere
1359 2747 1455 2799 sui.

101 2819 230 2873 Non
266 2821 376 2872 illis
415 2825 627 2873 terrena
665 2822 782 2874 lues
823 2825 1073 2889 corrupta
1111 2839 1208 2872 nec
1246 2820 1437 2872 Austri

175 2893 420 2946 Flamina
458 2913 556 2947 nec
596 2914 753 2948 saevo
795 2895 966 2947 Sirius
1005 2895 1129 2964 igne
1167 2898 1347 2964 nocet,

1747 480 1803 520 60

1745 845 1798 884 65

1745 1252 1798 1290 70

1744 1620 1797 1658 75

1740 1988 1796 2027 80

1739 2763 1793 2800 90
