2085 3215
168 654 495 713 CLAVDII
549 652 988 712 CLAVDIANI
1041 652 1131 710 IN
1186 651 1556 710 RVFINVM
1618 651 1861 710 LIBER

855 768 1167 828 PRIMVS.

663 917 917 966 INCIPIT
957 917 1357 966 PRAEFATIO.

963 1028 1063 1085 (H.)

166 1120 416 1173 Phoebeo
459 1120 693 1172 domitus
725 1119 944 1187 Python
983 1138 1103 1170 eum
1144 1119 1339 1171 decidit
1380 1137 1505 1170 arou

241 1194 588 1262 Membraque
632 1193 884 1244 Cirrhaeo
924 1193 1065 1244 fudit
1106 1193 1296 1244 anhela
1336 1193 1481 1262 iugO‚

169 1267 273 1330 Qui
314 1267 474 1336 spiris
514 1270 720 1337 tegeret
759 1270 985 1335 monteS‚
1023 1266 1264 1318 hauriret
1303 1266 1457 1317 hiatu

240 1341 512 1410 Flumina⁷
554 1340 864 1411 sanguineis
903 1343 1149 1410 tangeret
1190 1344 1334 1392 astra
1375 1340 1541 1391 iubis:

167 1414 282 1467 Iam
321 1416 458 1466 Iiber
495 1414 766 1466 Parnasus
808 1417 921 1465 erat
959 1432 1205 1482 nexuque
1247 1414 1424 1465 soluto

246 1489 504 1557 Coeperat
546 1492 719 1540 erecta
761 1506 978 1558 surgere
1019 1488 1206 1539 fronde
1245 1506 1434 1539 nemus

171 1562 578 1630 Concussaeque
619 1562 711 1613 diu
751 1561 1006 1629 spatiosis
1046 1562 1311 1613 tractibus
1353 1561 1471 1613 orni

244 1636 468 1688 Securas
507 1636 682 1687 ventis
724 1635 1023 1703 explicuere
1064 1654 1242 1686 eomas

167 1709 242 1762 Et
283 1710 376 1778 qui
414 1710 628 1778 vipereo
670 1709 939 1777 spumavit
979 1727 1134 1776 saepe
1173 1727 1375 1760 veneno

246 1783 504 1852 Cephisos
543 1782 733 1834 nitidis
771 1782 957 1850 purior
997 1782 1111 1833 ibat
1150 1782 1319 1850 aquis.

170 1856 358 1908 Omnis
399 1857 470 1908 ‘io
510 1855 706 1908 Paean’
747 1855 896 1925 regio
938 1859 1115 1924 sonat3
1157 1856 1335 1907 omnia
1374 1855 1652 1907 Phoebum

242 1931 389 1982 Rura
430 1934 648 1998 canunt3
687 1929 929 1997 tripodas
969 1929 1178 1997 plenior
1217 1948 1344 1980 aura
1383 1933 1544 1998 rot-at,

167 2003 478 2072 Auditoque
516 2003 705 2071 procul
743 2002 1020 2054 Musarum
1060 2003 1292 2054 carmine
1333 2003 1475 2055 dulei
1575 2058 1578 2059 ⁷

241 2077 328 2129 Ad
366 2077 640 2129 Themidis
680 2080 871 2128 coeunt
911 2080 1064 2128 antra
1105 2095 1285 2128 severa
1326 2077 1422 2129 dei.

167 2223 327 2277 Nime
367 2225 473 2276 alio
515 2225 718 2276 domini
757 2224 881 2275 telis
920 2223 1167 2292 Pythone
1206 2227 1481 2292 perempto

247 2298 509 2350 Convenit
549 2299 616 2350 ad
652 2302 895 2349 nostram
935 2315 1084 2348 sacra
1125 2301 1335 2348 caterva
1374 2297 1562 2366 lyram,

172 2370 275 2433 Qui
315 2372 565 2424 stabilem
606 2390 821 2423 servans
861 2370 1127 2441 Augustis
1166 2371 1426 2422 fratribus
1468 2371 1651 2422 orbem

243 2444 461 2497 Iustitia
499 2464 706 2515 pacem⁷
744 2445 952 2496 viribus
993 2463 1138 2496 arma
1178 2444 1331 2514 regit.

1808 1795 1859 1834 10
