2085 3215
708 665 1225 726 FESOENNINA

322 784 427 843 DE
476 784 799 843 NVPTIIS
847 784 1187 844 HONORII
1234 785 1602 846 AVGVSTI.

866 927 900 972 I.
936 927 1053 983 (xi.)

223 1018 481 1086 Princeps
522 1036 742 1070 corusco
785 1018 955 1070 sidere
995 1018 1296 1089 pulchrior,

110 1091 328 1144 Parthis
370 1092 599 1162 sagittas
639 1092 854 1144 tendere
896 1092 1125 1162 doctior,

109 1165 293 1235 Eques
335 1165 556 1218 Gelonis
596 1166 960 1235 imperiosior,

111 1239 257 1303 Quae
299 1240 461 1310 digna
500 1241 696 1293 mentis
736 1241 854 1292 laus
896 1241 997 1292 erit
1038 1240 1272 1292 arduae?

110 1313 257 1376 Quae
299 1314 462 1384 digna
501 1315 704 1366 formae
744 1315 862 1365 laus
904 1315 1005 1366 erit
1046 1315 1270 1384 igneae?

109 1388 183 1440 Te
223 1389 367 1440 Leda
407 1389 592 1440 mallet
635 1407 795 1457 quam
836 1388 958 1439 dare
1002 1387 1300 1458 Castoremg

107 1462 354 1515 Praefert
393 1461 597 1514 Achiui
637 1467 691 1514 te
730 1463 950 1530 proprio
992 1462 1194 1530 Thetis3

106 1535 328 1589 Victum
367 1537 568 1588 fatetur
608 1537 772 1588 Delos
812 1536 1144 1605 Apollinem3

109 1609 291 1662 Credit
330 1611 594 1662 minorem
632 1610 803 1678 Lydia
842 1610 1111 1662 Liberum.

219 1684 301 1736 Tu
342 1703 463 1736 cum
502 1703 596 1753 per
637 1685 774 1736 altas
815 1685 1046 1754 impiger
1086 1684 1236 1736 ilices

103 1757 278 1810 Freno
320 1758 545 1810 citatum
585 1759 925 1827 cornipedem
964 1777 1117 1829 reges

104 1832 420 1900 Ludentque
459 1833 635 1884 ventis
676 1833 959 1884 instabiles
1001 1851 1208 1902 comae,

104 1906 250 1958 Telis
292 1906 542 1958 iacebunt
584 1911 774 1974 sponte
813 1907 924 1958 tuis
964 1907 1106 1958 ferae

107 1978 461 2047 Gaudensque
503 1980 668 2031 sacris
707 1980 1022 2031 vulneribus
1061 1981 1144 2031 leo

104 2052 373 2105 Admittet
412 2053 625 2104 hastam
663 2057 836 2104 morte
878 2054 1172 2121 superbior.

104 2126 289 2179 Venus
330 2145 601 2179 reversum
644 2126 848 2195 spernit
889 2126 1212 2195 Adonidem7

103 2200 339 2253 Damnat
378 2201 656 2252 reduc-tum
698 2200 931 2269 Cynthia
970 2201 1236 2252 Virbium.

219 2274 351 2326 Cum
391 2279 515 2343 post
554 2275 767 2326 labores
809 2275 908 2326 sub
948 2275 1155 2343 platani
1195 2275 1342 2326 voles

103 2348 346 2400 Virentis
385 2349 576 2400 umbra
615 2349 701 2400 vel
740 2349 918 2419 gelido
962 2367 1123 2417 specu

104 2422 504 2475 Torrentiorem
544 2423 730 2475 fallere
773 2422 973 2475 Sirium

102 2495 176 2548 Et
215 2497 454 2549 membra
496 2516 683 2549 somno
724 2498 866 2549 fessa
906 2497 1216 2549 resolveris:

103 2569 146 2621 O
189 2574 422 2638 quantus
461 2575 580 2623 uret
618 2575 735 2623 tum
773 2571 1018 2640 Dryadas
1060 2571 1224 2622 calor!

105 2642 248 2705 Quot
290 2647 595 2697 aestuantes
637 2645 863 2714 ancipiti
901 2645 1071 2716 gradu

100 2715 142 2768 F
146 2718 324 2770 urtiva
365 2723 582 2787 carpent
624 2720 805 2771 oscula
845 2719 1068 2771 Naides!

223 2884 272 2922 11
309 2879 480 2937 Freno]
515 2880 764 2934 Heinsiu&
796 2880 983 2936 praedo,
1018 2879 1206 2936 praeda.

1753 1701 1808 1740 10

1750 2068 1803 2108 15

1744 2439 1802 2478 20
