2044 3220
227 147 337 198 214
381 145 626 190 CLAVDII
659 144 990 190 CLAVDIANI
1021 145 1222 202 (XXVI.)
1251 145 1329 188 DE
1362 145 1556 190 BELLO
1589 145 1868 191 GOTHICO.

228 280 589 348 Desertosque
628 281 767 332 lares
809 284 859 331 et
900 280 1128 350 pignora
1167 281 1307 332 laeta
1348 281 1600 333 revisunt.
1834 295 1920 335 620

226 354 455 405 Miratur
495 373 590 405 sua
632 372 893 422 quemque
935 354 1122 406 domus
1163 355 1442 422 cladesque
1481 356 1758 407 renarrant

230 426 449 496 Ordine3
489 431 605 479 tum
645 428 786 498 grati
825 428 1063 480 referunt
1102 429 1356 480 miracula
1396 428 1538 480 belli.

341 501 470 563 Quis
511 502 612 553 tibi
651 506 795 570 tunc,
834 501 1062 571 Alarice,
1103 502 1268 570 dolor,
1313 521 1433 553 cum
1472 501 1645 554 Marte
1683 502 1918 570 perirent

226 574 459 626 Divitiae
502 575 794 644 spoliisque
837 576 927 627 diu
966 577 1207 644 quaesita
1249 575 1491 644 supellex

226 648 579 717 Pulsaretque
621 653 742 701 tuas
781 650 1022 701 ululatus
1064 650 1305 720 coniugis
1347 667 1500 701 aures
1513 692 1526 718 ⁷
1834 662 1919 703 625

132 787 135 790 Ι
230 722 514 794 ConiugiS,
553 723 753 775 invicto
796 724 992 775 dudum
1034 742 1167 791 quae
1208 724 1343 775 freta
1384 724 1580 774 marito

226 797 458 848 Demens
497 796 835 849 Ausonidum
874 801 1142 868 gemmata
1182 797 1404 849 monilia
1443 800 1676 849 matrum

226 870 604 939 Romanasque
646 872 754 923 alta
794 872 1022 923 famulas
1064 871 1264 923 cervice
1303 871 1542 940 petebat3

231 943 447 997 Scilicet
487 944 771 1015 Argolicas
812 945 1285 1013 Ephyreiadasque
1324 945 1531 1013 puellas

230 1017 490 1086 Coeperat
531 1023 583 1070 et
623 1019 874 1087 pulchras
915 1019 1021 1070 iam
1061 1019 1300 1070 fastidire
1338 1019 1622 1070 Lacaenas.
1835 1033 1921 1073 630

228 1091 332 1144 Sed
371 1093 466 1143 dea
510 1111 643 1160 quae
681 1092 862 1144 nimiis
905 1093 1086 1144 obstat
1126 1093 1457 1144 Rhamnusia
1497 1093 1638 1144 votis

225 1164 496 1236 Ingemuit
535 1166 789 1234 flexitque
830 1169 1025 1217 rotam:
1067 1166 1247 1218 domat
1287 1185 1473 1235 aspera
1512 1167 1684 1219 victos

224 1239 536 1309 PauperieS,
575 1258 789 1307 unoque
831 1240 912 1291 die
952 1240 1194 1291 Romana
1233 1241 1474 1308 rependit

228 1313 501 1382 Quidquid
539 1317 621 1365 ter
660 1314 808 1365 denis
849 1314 988 1365 acies
1030 1313 1209 1365 amisit
1248 1314 1305 1365 in
1344 1314 1514 1366 annis·

339 1386 381 1439 O
425 1388 741 1439 celebranda
779 1388 912 1439 mihi
953 1388 1158 1439 cunctis
1196 1387 1465 1440 Pollentia
1506 1387 1715 1440 saeclis!
1831 1402 1916 1442 635

227 1460 270 1513 O
310 1461 562 1514 meritum
600 1464 817 1514 nomen!
858 1462 1105 1513 felicibus
1147 1465 1271 1530 apta
1309 1461 1622 1530 triumphis!

225 1535 460 1588 Virtutis
500 1536 664 1588 fatale
707 1536 902 1604 solum,
942 1536 1287 1588 memorabile
1327 1536 1548 1587 bustum

225 1609 536 1661 Barbariae!
599 1609 741 1661 Nam
781 1628 935 1678 saepe
976 1611 1108 1661 locis
1150 1628 1210 1661 ac
1249 1610 1447 1661 finibus
1488 1610 1598 1660 illis

224 1683 390 1735 Plena
430 1684 679 1735 lacessito
721 1684 875 1734 rediit
915 1683 1149 1735 vindicta
1191 1682 1427 1745 Quirino.

226 1756 346 1809 Illic
387 1756 583 1809 Oceani
624 1758 830 1828 stagnis
871 1758 1041 1809 excita
1083 1756 1344 1825 supremis
1831 1770 1917 1810 640

229 1830 493 1883 Cimbrica
533 1835 823 1899 tempestas
864 1831 996 1882 alias
1037 1832 1229 1882 emissa
1269 1849 1363 1898 per
1401 1830 1567 1898 Alpes

226 1904 403 1957 Isdem
441 1905 728 1973 procubuit
771 1906 985 1973 campis.
1047 1904 1161 1956 Iam
1200 1905 1447 1972 protinus
1487 1907 1634 1955 aetas

225 1979 529 2031 Adveniens
570 1979 812 2050 geminae
853 1979 1029 2049 gentis
1068 1979 1384 2047 permisceat
1426 1996 1547 2030 ossa

225 2053 299 2104 Et
341 2053 577 2121 duplices
619 2054 794 2123 signet
833 2053 1024 2105 titulos
1065 2071 1342 2104 commune
1379 2056 1681 2120 tropaeum:

227 2127 349 2179 ‘Hic
393 2126 638 2179 Cimbros
678 2128 950 2194 fortesque
993 2126 1178 2195 Getas7
1219 2126 1513 2178 Stilichone
1552 2128 1857 2194 peremptos

225 2200 300 2252 Et
339 2200 510 2253 Mario
553 2202 710 2253 claris
750 2201 997 2270 ducibus,
1036 2201 1173 2271 tegit
1208 2199 1346 2252 Itala
1384 2201 1561 2252 tellus.
1831 2213 1917 2253 646

226 2275 431 2327 Discite
471 2294 695 2327 vesanae
735 2275 963 2327 Romam
1001 2293 1112 2326 non
1149 2278 1383 2326 temnere
1427 2274 1648 2345 gentes⁹

348 2440 432 2479 634
466 2435 624 2479 amisit
655 2435 723 2494 in]
757 2437 946 2492 scrz'psi‚·
979 2434 1231 2480 amisimus
