2044 3220
230 126 336 180 168
765 121 1009 167 CLAVDII
1040 121 1369 166 CLAVDIANI

227 261 392 314 Vexit
430 258 727 329 Lingonico
770 257 985 310 sudatas
1023 276 1236 310 vomere
1275 257 1511 309 messes?

232 334 334 387 Illa
376 351 526 404 seges
565 351 677 384 non
716 332 974 384 auxilium
1013 332 1171 383 modo
1210 331 1459 400 praebuit
1497 330 1642 400 urbi,
1863 342 1920 383 95

235 408 338 461 Sed
377 408 481 459 fuit
519 407 716 458 indicio
728 449 741 475 ,
782 409 1042 474 quantum
1081 406 1204 474 tibi,
1243 405 1438 474 Roma,
1476 405 1682 456 liceret:

233 482 530 534 Admonuit
571 480 814 532 dominae
853 482 1040 550 gentes
1078 480 1354 546 instarque
1393 478 1601 546 tropaei

234 555 469 608 Rettulit
507 555 756 625 ignotum
795 553 986 624 gelidis
1024 552 1257 623 vectigal
1297 552 1363 603 ab
1405 552 1527 604 oris.

346 629 466 681 Hoc
506 646 718 697 quoque
756 628 1009 679 maiestas
1049 626 1288 697 augescit
1327 626 1485 694 plena
1525 624 1756 695 Quirini,

235 705 491 756 Rectores
530 702 732 770 Libyae
771 701 972 770 populo
1015 700 1157 768 quod
1194 699 1366 752 iudice
1405 699 1611 768 pallent
1839 710 1924 750 100

234 778 309 829 Et
348 780 473 846 post
513 777 761 828 emeritas
800 774 1104 826 moderator
1145 774 1370 841 quisque
1411 791 1620 825 secures

235 851 539 904 Discrimen
576 850 736 902 letale
778 849 943 901 subit:
986 847 1114 916 quid
1151 847 1364 915 Poenus
1405 848 1585 899 arator

235 924 511 993 Intulerit,
550 923 793 975 madidus
835 926 1096 990 quantum
1135 921 1495 973 transmiserit
1533 920 1746 972 Auster.

236 999 420 1051 Ardua
461 998 552 1066 qui
591 997 699 1049 late
737 997 895 1049 terris
935 1014 1190 1064 responsa
1231 995 1438 1064 dedere,

237 1073 341 1124 Hic
381 1071 652 1140 trepidant
682 1070 936 1139 humiles3
975 1069 1196 1121 tremuit
1229 1087 1363 1137 quos
1395 1067 1580 1120 Africa
1609 1085 1802 1138 nuper,
1843 1081 1929 1120 105

241 1146 478 1199 Cernunt
518 1148 695 1197 rostra
733 1162 867 1196 reos
932 1142 1064 1195 Cani
1102 1143 1394 1195 virtutibus
1435 1143 1550 1194 aevi

237 1220 521 1272 Materiam
560 1218 747 1287 pandit
788 1216 1015 1270 Stilicho
1054 1217 1419 1285 populumque
1458 1216 1659 1268 vetusti

243 1293 504 1346 Culminis
543 1293 892 1345 inmemorem
932 1290 1239 1342 dominandi
1278 1308 1464 1342 rursus
1502 1290 1561 1342 in
1597 1308 1756 1341 usum

238 1368 480 1437 Excitat,
519 1370 583 1419 ut
619 1383 845 1436 magnos
887 1364 1057 1417 calcet
1092 1364 1408 1416 metuendus
1446 1363 1701 1433 honoreS,

238 1441 445 1494 Pendat
483 1440 692 1492 iustitia
733 1440 954 1508 crimen,
992 1439 1191 1507 pietate
1231 1438 1472 1490 remittat
1847 1450 1932 1489 110

241 1515 497 1567 Error-em
536 1531 807 1582 purosque
846 1512 1039 1581 probet
1079 1512 1399 1579 damnetque
1438 1514 1693 1563 nocentes

242 1589 316 1641 Et
355 1589 558 1657 patrias
597 1588 794 1640 iterum
834 1587 1065 1638 clemens
1106 1589 1346 1638 exerceat
1387 1589 1542 1636 artes,

354 1662 586 1713 Fallitur
626 1661 840 1731 egregio
883 1659 1126 1727 quisquis
1168 1659 1266 1710 sub
1306 1659 1545 1726 principe
1587 1657 1751 1709 credit

245 1736 548 1788 Servitium.
610 1734 921 1802 Numquam
959 1733 1182 1784 libertas
1223 1732 1428 1802 gratior
1468 1735 1615 1784 extat

247 1810 417 1872 Quam
458 1809 556 1860 sub
597 1826 721 1878 rege
759 1808 864 1875 pi0.
930 1805 1075 1869 Quos
1114 1806 1357 1875 praeficit
1395 1806 1510 1874 ipse
1549 1804 1796 1876 regendis
1849 1817 1935 1856 115

243 1884 450 1952 Rebus,
491 1883 557 1934 ad
596 1881 880 1933 arbitrium
918 1880 1093 1948 plebis
1132 1883 1452 1948 patrumque
1492 1879 1697 1932 reducit

248 1957 607 2024 Conceditque
646 1955 843 2024 libenS,
881 1954 1087 2006 meritis
1128 1972 1221 2005 seu
1258 1953 1494 2022 praemia
1531 1955 1757 2022 poscant

247 2031 351 2084 Seu
390 2031 579 2100 punire
618 2029 799 2081 velint.
863 2028 1050 2080 Posito
1090 2028 1198 2079 iam
1235 2046 1473 2096 purpura
1512 2028 1658 2079 fastu

244 2105 325 2157 De
366 2123 421 2157 se
459 2104 715 2156 iudicium
752 2121 863 2155 non
901 2102 1213 2172 indignatur
1250 2101 1450 2153 haberi.

247 2178 333 2231 Sic
375 2178 556 2231 docuit
595 2195 818 2248 regnare
859 2193 1030 2245 socer,
1071 2176 1147 2227 sic
1187 2178 1342 2227 cauta
1380 2175 1627 2227 iuventae
1851 2188 1934 2227 120

245 2252 419 2304 Frena
458 2252 624 2321 dedit,
663 2255 876 2302 teneros
918 2250 993 2301 sic
1032 2249 1273 2301 moribus
1312 2249 1487 2300 induit
1526 2266 1694 2300 annos

245 2326 440 2378 Verior
478 2324 715 2395 Augusti
754 2324 987 2394 genitor,
1026 2323 1219 2374 fiducia
1259 2322 1409 2391 belli,

246 2400 402 2452 Pacis
443 2398 748 2452 consilium:
788 2415 883 2466 per
923 2415 1081 2464 quem
1121 2396 1368 2464 squalore
1407 2399 1613 2448 remoto

246 2473 484 2525 Pristina
522 2471 800 2524 Romuleis
839 2470 1082 2522 infloruit
1121 2470 1328 2521 artibus
1368 2472 1537 2539 aetaS,

247 2546 352 2598 Per
393 2565 549 2614 quem
589 2546 759 2597 fracta
801 2545 891 2596 diu
929 2543 1296 2610 translataque
1334 2561 1501 2610 paene
1539 2544 1781 2610 potestas
1849 2555 1932 2595 125

247 2619 376 2671 Non
417 2620 585 2671 oblita
625 2619 708 2671 sui
749 2618 1032 2670 servilibus
1072 2616 1252 2669 exulat
1292 2616 1455 2685 arviS,

250 2692 315 2744 In
353 2693 630 2761 proprium
671 2692 763 2744 sed
802 2692 959 2744 ducta
998 2691 1165 2742 larem
1202 2690 1442 2741 victricia
1481 2689 1654 2741 reddit

249 2766 383 2818 Fata
425 2766 540 2817 solo
580 2766 883 2834 fruiturque
921 2764 1138 2833 iterum,
1179 2763 1374 2831 quibus
1413 2763 1658 2815 haeserat
1697 2763 1847 2833 olim,

248 2839 522 2907 Auspiciis
564 2840 830 2907 capitique
870 2838 1103 2890 errantia
1140 2836 1378 2888 membra
1416 2837 1642 2905 reponit.

361 2913 611 2965 Proxime
653 2912 732 2964 dis
773 2912 980 2980 consul,
1019 2913 1200 2962 tantae
1241 2910 1332 2978 qui
1362 2910 1626 2978 prospicis
1656 2910 1800 2981 urbi,
1851 2924 1938 2963 130
2022 2901 2044 2977 ’ἶ
