2044 3220
259 79 368 133 220
807 77 1050 122 CLAVDII
1080 76 1411 123 CLAVDIANI

901 255 1022 300 xm.
1055 255 1302 312 (LXXIX.)

313 352 386 398 IN
426 350 799 400 PODAGRVM
839 352 952 409 QVI
991 351 1294 399 OARMINA
1334 349 1462 397 SVA
1501 347 1643 397 NON
1684 316 1893 396 STARE

954 438 1259 488 DICEBAT.

262 537 404 600 Quae
445 538 547 590 tibi
596 557 716 590 cum
754 539 978 607 pedibus
1026 538 1201 590 ratio?
1277 535 1413 599 Quid
1454 535 1687 587 carmina
1727 535 1952 604 culpas?

336 611 596 664 Scandere
637 612 728 680 qui
766 613 963 682 nescis,
1001 612 1293 664 versiculos
1333 609 1571 662 laceras?

260 685 559 738 ‘Claudjcat
597 686 684 738 hic
722 705 929 756 versus3
968 686 1118 737 haec’
1158 685 1334 753 inquit
1375 683 1605 752 ‘syllaba
1642 683 1819 735 nutat’

333 759 514 828 Atque
552 760 690 812 nihil
729 779 950 829 prorsus
992 764 1131 811 stare
1170 762 1326 827 putat
1365 757 1614 828 podager.

896 904 1013 949 xiv,
1049 904 1314 961 (LXXXII.)

542 1002 633 1048 AD
674 1000 997 1047 MAXIMVM
1038 999 1151 1056 QVI
1189 999 1259 1046 EI
1296 999 1433 1047 MEL
1472 998 1668 1059 MISIT.

258 1085 451 1137 Dulcia
491 1085 629 1136 dona
668 1084 801 1135 mihi
842 1101 1048 1151 semper
1086 1086 1169 1152 tn,
1209 1083 1462 1151 Maxime,
1501 1083 1696 1151 mittis,

333 1159 406 1211 Et
416 1203 429 1229 ⁷
470 1158 728 1227 quidquid
765 1158 964 1225 mittis,
1003 1157 1163 1208 mella
1201 1161 1391 1225 putare
1432 1157 1592 1209 decet.

895 1302 993 1345 xv.
1027 1301 1317 1358 (mxxix.)

718 1414 806 1460 DE
847 1413 1155 1460 PAVPERE
1196 1394 1491 1459 AMANTE.

258 1513 554 1581 Paupertas
593 1531 676 1564 me
718 1530 873 1564 saeva
915 1511 1096 1563 domat
1136 1511 1388 1579 dirusque
1431 1509 1658 1578 Cupido:

335 1586 436 1640 Sed
475 1586 753 1638 toleranda
791 1586 958 1637 fames
968 1629 981 1655 7
1020 1604 1130 1637 non
1170 1584 1478 1637 tolerandus
1519 1602 1681 1635 amor.

962 1730 1081 1773 XVI.
1117 1730 1245 1786 (XC.)

918 1826 1006 1873 DE
1048 1824 1294 1874 EODEM.

259 1911 518 1964 Esuriens
557 1929 760 1980 pauper
799 1910 923 1962 telis
962 1910 1216 1961 incendor
1256 1910 1466 1961 amoris.

332 1985 480 2038 Inter
518 1989 806 2053 utrumque
845 1983 1047 2036 malum
1088 1984 1262 2054 deligo
1302 1983 1622 2052 pauperiem.

970 2130 1113 2174 xvii.
1145 2131 1240 2188 (L.)

343 2243 433 2289 DE
475 2242 604 2289 PHs
643 2241 1019 2289 FRATRIBVS
1058 2242 1144 2288 ΕΤ
1184 2238 1273 2288 DE
1316 2218 1593 2288 STATVIS
1632 2238 1868 2288 EORVM

623 2329 799 2386 QVAE
842 2329 1014 2377 SVNT
1053 2330 1234 2376 APVD
1277 2328 1592 2377 CATINAM.

258 2428 490 2496 Adspice
532 2428 783 2479 sudantes
822 2428 1121 2480 venerando
1162 2428 1395 2496 pondere
1434 2428 1650 2498 fratreS‚

332 2501 529 2554 Divino
569 2502 790 2554 meritos
832 2520 1039 2570 semper
1077 2502 1280 2554 honore
1321 2502 1449 2571 coli,

257 2575 407 2627 Iusta
450 2576 644 2643 quibus
684 2575 898 2644 rapidae
939 2575 1098 2627 cessit
1137 2575 1433 2627 reverentia
1472 2576 1716 2627 flammae

332 2649 406 2700 Et
445 2650 637 2701 mirata
675 2668 841 2720 vagas
880 2650 1114 2718 reppulit
1153 2649 1329 2702 Aetna
1367 2650 1522 2702 faces,

262 2771 538 2865 Complexi
577 2797 826 2848 manibus
866 2797 1034 2849 fultos
1076 2797 1275 2849 cervice
1313 2801 1561 2866 parentes
1921 2812 1947 2851 5

331 2870 610 2923 Attollunt
647 2871 830 2922 vultus
872 2871 1272 2939 accelerantque
1311 2872 1522 2942 gradus,
