2044 3220
339 135 545 179 SERIES
579 133 905 179 CARMINUM
937 134 1118 178 HUIUS
1151 132 1474 179 EDITIONIS.

72 284 111 314 c.
143 283 202 312 m.
235 268 320 311 VI:
353 267 565 311 Rimanti
593 267 741 311 telum
766 266 837 309 ira
868 266 995 310 facit.

73 344 110 373 c,
143 342 203 371 m.
236 325 344 370 VII:
377 326 445 370 De
478 325 707 382 quadriga
738 338 1000 369 marmorea

1062 361 1367 371 ......

73 402 112 431 c.
143 401 203 429 m.
236 385 365 428 VIII:
399 384 467 429 De
498 384 742 440 Polycaste
775 386 822 428 et
852 383 1074 428 Perdicca
1119 420 1366 430 .....

73 460 110 490 c.
143 460 205 488 m.
239 443 323 488 IX:
359 443 425 488 De
459 443 662 500 hystrice
699 478 1006 488 ......

74 519 112 550 c.
144 518 204 547 m.
238 503 301 546 X:
334 502 402 546 De
433 501 559 546 birro
593 502 831 546 castoreo.
881 536 890 545 .
942 537 950 546 .
1000 537 1008 546 .

74 578 111 608 c.
144 578 205 607 m.
237 561 320 605 XI:
355 561 408 604 In
440 560 737 618 sepulchrum
770 559 1010 616 speciosae

104 658 111 665 .
144 636 204 664 m.
237 620 343 664 XII:
376 620 444 663 De
476 619 662 663 balneis
694 618 959 673 Quintianis
1002 655 1010 664 .

104 717 111 725 .
144 695 204 724 m.
237 679 364 722 XHI:
400 681 451 722 In
482 679 742 735 podagrum
761 713 1009 724 .....

104 775 112 784 .
146 753 205 782 m.
238 737 368 783 XIV:
400 738 474 780 Ad
504 737 761 781 Maximum

103 833 112 842 .
199 831 206 840 .
241 796 346 840 XV:
380 796 448 840 De
481 810 687 853 paupere
720 797 908 840 amante
943 832 950 840 .
1001 832 1009 840 .

104 892 112 901 .
198 890 206 899 .
241 855 368 899 XVI:
401 855 471 899 De
504 856 668 899 eodem
700 890 1007 900 ......

103 951 111 960 .
196 951 204 959 .
237 914 387 957 XVII:
419 914 488 958 De
519 914 610 970 piis
643 914 889 959 fratribus.
940 951 948 959 .
999 949 1009 958 .

103 1011 110 1019 .
196 1010 204 1018 .
236 973 408 1016 XVIII:
441 973 509 1016 De
541 973 759 1017 mulabus
794 972 988 1017 Gallicis

195 1069 204 1077 .
237 1031 364 1075 XIX:
396 1031 470 1075 Ad
503 1031 830 1078 Gennadium.
880 1069 889 1078 .
939 1067 948 1078 .
1000 1067 1009 1077 .

197 1127 205 1135 .
240 1090 344 1134 XX:
377 1090 445 1135 De
479 1105 587 1135 sene
619 1091 878 1135 Veronensi

106 1304 114 1313 ⁸
199 1362 207 1371 .
238 1326 410 1370 XXIV:
442 1326 510 1370 De
542 1327 731 1371 locusta
765 1362 1011 1373 .....

74 636 98 666 c

75 695 99 725 c

74 753 98 784 c

75 812 99 842 c
146 811 193 840 m

75 871 99 900 c
146 871 193 899 m

74 930 99 960 c
145 929 191 957 m

74 989 98 1019 c
145 989 190 1016 m

74 1049 97 1078 c
144 1048 192 1076 m

75 1107 99 1136 c
146 1107 193 1134 m

75 1165 98 1195 c
145 1165 191 1193 m

77 1224 100 1254 c
147 1224 194 1252 m

77 1283 100 1313 c
147 1283 193 1311 m

76 1342 100 1372 c
147 1342 193 1370 m

78 1401 115 1431 c.
148 1401 195 1428 m

79 1460 117 1490 c.
150 1461 210 1488 m.
243 1443 416 1487 XXVI:
449 1445 640 1500 Aponus
704 1481 1010 1491 ......

79 1519 118 1549 c.
151 1519 210 1548 m.
244 1502 439 1548 XXVII:
472 1503 682 1547 Phoenix
708 1539 1015 1550 ......

80 1578 104 1607 c
151 1578 210 1606 m.
243 1561 458 1605 XXVIII:
491 1562 628 1606 Nilus
651 1598 1016 1608 .......

79 1637 116 1668 c.
149 1636 209 1666 m.
242 1620 413 1664 XXIX:
446 1620 640 1677 Magnes
709 1658 1014 1667 ......

80 1696 116 1726 c.
150 1695 210 1724 m.
244 1679 394 1723 XXX:
427 1679 548 1723 Laus
583 1680 782 1725 Serenae
825 1716 835 1726 .
885 1716 894 1726 .
944 1715 953 1725 .
1004 1715 1013 1725 .

79 1754 102 1785 c
148 1754 210 1783 m.
243 1738 414 1782 XXXI:
447 1738 666 1794 Epistula
697 1740 758 1784 ad
790 1739 1011 1783 Serenam

79 1814 103 1845 c
150 1813 195 1842 m

80 1872 103 1902 c
150 1872 195 1900 m

78 1932 102 1961 c
149 1931 195 1959 m

79 1990 103 2020 c
150 1990 195 2018 m

79 2050 103 2079 c
150 2050 197 2078 m

81 2109 104 2139 c
151 2109 197 2136 m

81 2168 105 2197 c
152 2167 198 2195 m

80 2226 104 2257 c
152 2227 197 2254 m

80 2285 105 2315 c
152 2285 199 2313 m

82 2345 106 2374 c
152 2344 198 2372 m

83 2403 106 2433 c
152 2403 199 2431 rn

82 2462 107 2493 c
152 2462 199 2490 m

108 1776 116 1786 ⁰
200 1797 434 1843 .XXXIL
466 1797 535 1841 De
569 1797 844 1844 Salvatore.
895 1834 904 1844 .
953 1834 962 1843 .
1014 1833 1024 1843 .

109 1955 116 1963 .
201 1951 209 1960 .
242 1915 342 1959 XL:
376 1914 594 1971 Epistula
626 1917 686 1960 ad
720 1915 963 1972 Olybrium
1003 1952 1013 1962 .

109 2012 117 2021 .
202 1975 368 2020 .XLI:
401 1974 476 2016 Ad
506 1974 762 2018 Probinum
828 2011 837 2021 .
888 2011 898 2021 .
947 2011 956 2020 .
1008 2012 1016 2019 .

109 2071 118 2081 .
202 2071 210 2079 .
243 2033 388 2077 XLII:
422 2033 490 2076 De
523 2047 638 2089 apro
671 2036 718 2077 et
749 2034 883 2078 leone

110 2132 118 2140 .
204 2092 497 2138 .XL11121n
529 2091 768 2136 Curetium
828 2129 838 2138 .
888 2128 897 2138 .
948 2129 956 2138 .
1008 2129 1017 2138 .

203 2188 211 2196 .
244 2151 409 2195 XLIV:
442 2153 496 2195 In
528 2152 727 2195 eundem
762 2151 998 2196 Curetiurn

109 2190 118 2200 ⁰
203 2248 211 2255 .
245 2210 390 2255 XLV:
423 2211 491 2254 De
525 2211 702 2255 concha

768 2246 1015 2257 .....

204 2365 212 2373 .
245 2327 432 2371 XLVII:
465 2327 533 2372 De
567 2342 684 2384 equo
719 2329 839 2373 dono
874 2328 1018 2374 dato.

111 2425 120 2434 .
204 2421 213 2430 .
245 2386 456 2431 XLVIII:
490 2386 557 2431 De
591 2401 708 2432 zona
739 2387 846 2444 equi
878 2386 997 2443 regii

205 2483 214 2492 .
246 2445 415 2490 XLIX:
447 2445 515 2489 De
548 2446 794 2503 torpedine
831 2483 839 2492 .
891 2483 900 2491 .
951 2483 960 2491 .
1012 2481 1020 2490 .

83 2522 120 2551 c.
154 2521 214 2549 m.
248 2505 305 2549 L:
346 2505 400 2549 In
428 2505 652 2549 Iacobum

82 2580 121 2612 c.
153 2580 215 2608 m.
247 2564 327 2609 LI:
361 2566 415 2608 In
447 2564 696 2620 sphaeram
727 2564 1021 2609 Archimedis

83 2639 120 2670 c.
153 2638 212 2668 m.
246 2623 345 2668 LII:
378 2622 446 2667 De
478 2622 659 2669 lanario

85 2697 124 2728 c.
156 2697 217 2727 m
249 2681 370 2725 LHI:
405 2681 798 2739 Gigantomachia
834 2719 842 2728 .
891 2719 900 2728 .
952 2719 961 2728 .
1012 2718 1021 2728 .

82 2742 151 2785 De
184 2744 324 2798 raptu
356 2741 660 2798 Proserpinae
693 2743 714 2785 I
745 2742 960 2800 praef..
1010 2777 1019 2786 .

82 2800 151 2844 De
183 2801 325 2856 raptu
355 2799 663 2858 Proserpinae
695 2801 717 2844 1
771 2836 1020 2847 .....

83 2859 151 2903 De
183 2860 324 2915 raptu
355 2859 661 2916 Proserpinae
693 2860 737 2904 II
767 2859 911 2918 praef.
954 2894 962 2904 .
1013 2895 1022 2905 .

85 2917 154 2962 De
186 2920 324 2974 raptu
356 2917 663 2975 Proserpinae
694 2919 738 2962 II
773 2952 1023 2966 .....

105 1365 113 1373 '
199 1417 208 1429 .
241 1385 391 1429 xxv:
424 1385 797 1441 Epithalamium
829 1385 1033 1430 Palladfi
1064 1422 1072 1431 .
1124 1422 1133 1430 .

1059 890 1366 899 ......

104 1129 112 1196 j
196 1185 205 1194 .
239 1149 363 1193 XXI:
397 1149 465 1193 De
498 1149 742 1195 Theodoro
777 1152 825 1194 e:
854 1149 1094 1193 Hadriano
1122 1185 1366 1193 .....

105 1245 114 1254 .
199 1244 208 1253 .
240 1208 391 1253 XXII:
423 1208 704 1265 Deprecatio
738 1210 798 1253 ad
829 1208 1120 1252 Hadrianum
1183 1245 1190 1253 .
1242 1244 1249 1252 .
1301 1244 1307 1250 .
1361 1245 1367 1252 .

199 1303 208 1312 .
240 1267 415 1311 XXIII.-
446 1268 726 1324 Deprecatio
759 1268 808 1312 in
838 1268 1078 1313 Alethium
1120 1302 1365 1311 .....

1063 1361 1369 1372 ......

1068 1596 1374 1606 ......

1063 1774 1372 1785 ......

108 1834 116 1843 ’
202 1893 210 1901 .
242 1856 727 1901 xxxin-XXXIX:
759 1857 828 1901 De
862 1856 1083 1913 crystallo
1125 1891 1371 1901 .....

109 2249 118 2259 ’
204 2307 212 2314 .
246 2269 409 2312 XLVI:
442 2268 510 2312 De
542 2269 789 2326 chlamyde
823 2272 869 2314 et
902 2269 1044 2313 frenis
1071 2305 1375 2315 ......

1649 135 1755 185 317

1529 266 1760 310 LXXVIII

1506 325 1760 369 LXXXVII

1615 383 1761 427 LXIX

1637 443 1761 486 XLV

1637 500 1759 545 XCII

1663 560 1761 604 XCI

1527 619 1762 663 LXXXIV

1574 678 1762 721 LXXIX

1554 736 1761 780 LXXXII

1532 795 1765 839 LXXXIX

1684 853 1763 897 XC

1726 912 1761 955 L

1703 972 1764 1015 LI

1615 1029 1765 1073 XLIII

1682 1089 1764 1132 LII

1600 1147 1765 1191 LXXX

1571 1206 1765 1250 XXXIX

1575 1264 1765 1308 LXXIV

1536 1323 1767 1367 LXXXIII

1363 1422 1369 1429 .
1443 1384 1583 1429 XXX.
1615 1382 1767 1426 XXXI

1624 1441 1768 1484 XLIX

1624 1500 1767 1543 XLIV

1603 1559 1768 1603 XLVII

1579 1618 1771 1662 XLVIII

1619 1677 1770 1720 XXIX

1688 1735 1767 1778 XL

1646 1794 1768 1838 XCV

1471 1855 1570 1899 LVI
1583 1881 1634 1886 —
1646 1853 1770 1896 LXII

1668 1913 1771 1958 XLI

1646 1972 1771 2016 XLII

1666 2030 1771 2075 LIII

1606 2089 1771 2134 LXXV

1582 2148 1771 2194 LXXVI

1690 2210 1771 2254 LV

1603 2266 1772 2312 LXXII

1583 2325 1773 2371 LXXIII

1649 2387 1773 2431 LXX

1625 2446 1772 2490 XLVI

1562 2503 1774 2549 LXXVII

1583 2564 1774 2608 LXVIII

1493 2623 1773 2667 LXXXVIII

1558 2683 1773 2726 XXXVII

1603 2742 1774 2785 XXXII

1578 2800 1774 2844 XXXIII

1582 2859 1775 2903 XXXIV

1603 2918 1775 2962 XXXV
