2085 3215
574 680 675 738 DE
723 679 977 738 BELLO
1030 678 1456 739 GILDONICO

876 829 1077 875 LIBER
1117 828 1154 877 Ι.

943 940 1084 995 (XV.)

279 1031 540 1084 Redditus
582 1030 821 1098 imperiis
861 1029 1062 1082 Auster
1103 1030 1448 1099 subiectaque
1487 1048 1674 1083 rursus

165 1104 408 1159 Alterius
451 1123 683 1157 convexa
722 1104 848 1172 poli.
927 1104 1154 1156 Rectore
1196 1105 1294 1157 sub
1335 1123 1443 1156 uno

170 1179 457 1247 Conspirat
496 1178 741 1249 geminus
781 1178 947 1230 frenis
989 1179 1361 1231 comunibus
1403 1178 1562 1230 orbis,

166 1252 447 1306 Iunximus
488 1252 745 1320 Europen
782 1252 999 1320 Libyae.
1081 1251 1378 1304 Concordia
1416 1253 1646 1304 fratrum

165 1326 333 1379 Plena
374 1326 525 1378 redit.
603 1325 803 1377 Patriis
846 1326 1020 1378 solum
1062 1327 1205 1394 quod
1245 1326 1414 1378 defuit
1455 1326 1634 1396 armiS,
1836 1340 1861 1378 5

167 1400 380 1453 Tertius
423 1400 673 1452 occubuit
712 1400 828 1451 nati
868 1400 1067 1452 virtute
1106 1404 1383 1468 tyrannus,

165 1474 367 1527 Horret
408 1474 581 1526 adhuc
620 1474 829 1526 animus
868 1474 1260 1543 manifestaque
1300 1474 1496 1545 gaudia
1536 1474 1728 1544 differt,

165 1549 310 1601 Dum
351 1552 531 1617 stupet
572 1552 624 1600 et
663 1551 817 1600 tanto
860 1552 1142 1600 cunctatur
1182 1549 1392 1601 credere
1430 1551 1574 1601 voto,

166 1621 411 1674 Necdum
453 1621 748 1691 Cinyphias
788 1622 1054 1674 exercitus
1096 1622 1281 1692 attigit
1322 1641 1465 1675 oras:

166 1695 282 1748 Iam
323 1696 556 1748 domitus
599 1695 772 1748 Gildo.
850 1695 1035 1748 Nullis
1074 1696 1301 1748 victoria
1339 1696 1495 1748 nodis
1810 1710 1862 1748 10

167 1770 375 1839 Haesit,
414 1788 526 1822 non
566 1769 740 1838 spatio
781 1773 970 1839 terrae,
1008 1788 1120 1821 non
1161 1769 1312 1822 obice
1349 1769 1518 1838 ponti.

168 1843 529 1914 Congressum
567 1843 859 1914 profugum
899 1847 1115 1912 captum
1153 1862 1259 1896 vox
1296 1843 1513 1896 nuntiat
1551 1862 1658 1896 una

167 1917 565 1985 Rumoremque
607 1917 690 1968 sui
729 1918 1007 1986 praevenit
1046 1917 1228 1969 laurea
1267 1917 1411 1969 belli.

167 1990 300 2060 Quo,
338 2009 541 2060 precor,
579 1991 710 2043 haec
750 1992 937 2044 effecta
978 1991 1111 2043 deo‘?
1172 1991 1420 2043 Robusta
1458 1995 1718 2060 vetusque

165 2065 426 2133 Tempore
465 2068 578 2117 tam
616 2084 782 2133 parvo
821 2065 1002 2134 potuit
1043 2065 1308 2117 dementia
1346 2065 1510 2118 Vinci:
1804 2063 1857 2120 15

168 2138 336 2200 Quem
375 2139 592 2191 veniens
633 2139 826 2191 indixit
866 2139 1053 2209 hiemS‚
1092 2157 1184 2191 ver
1221 2140 1452 2208 perculit
1490 2139 1716 2193 hostem.

276 2211 525 2265 Exitium
563 2213 671 2264 iam
709 2213 882 2265 Roma
921 2213 1116 2265 timens
1158 2216 1210 2265 et
1250 2214 1391 2265 fessa
1429 2214 1642 2284 negatis

164 2285 438 2357 Frugibus
479 2287 545 2338 ad
583 2287 758 2354 rapidi
797 2287 964 2339 limen
1005 2287 1259 2339 tendebat
1299 2286 1516 2355 Olympi

164 2359 292 2411 Non
331 2360 493 2412 solito
533 2361 688 2412 vultu
726 2378 824 2412 nec
866 2361 1039 2428 qualis
1082 2361 1199 2412 iura
1238 2360 1514 2412 Britannis
1891 2430 1893 2432 V

164 2433 371 2485 Dividit
412 2437 503 2486 aut
542 2434 780 2502 trepidos
822 2434 1110 2486 summittit
1150 2434 1386 2486 fascibus
1425 2432 1600 2486 Indos
1799 2449 1856 2488 20

163 2505 287 2558 Vox
326 2507 503 2560 tenuis
542 2507 787 2576 tardique
828 2508 1025 2578 gradus
1069 2508 1314 2576 oculique
1354 2508 1587 2560 iacentes

167 2577 423 2651 Interius3
464 2582 649 2652 fugere
689 2600 876 2651 genae3
917 2582 1093 2633 ieiuna
1131 2582 1361 2634 lacertos

167 2652 365 2706 Exedit
404 2656 613 2707 macies,
689 2655 903 2707 Vmeris
942 2655 1033 2707 vix
1073 2655 1302 2707 sustinet
1342 2655 1516 2726 aegris

166 2725 513 2794 Squalentem
554 2729 804 2798 clipeum3
843 2729 1023 2780 laxata
1064 2729 1267 2780 casside
1305 2729 1485 2797 prodit

169 2799 431 2852 Canitiem
470 2803 788 2870 plenamque
827 2803 995 2855 trahit
1035 2802 1300 2872 rubiginis
1339 2802 1565 2855 hastam.
1800 2816 1856 2856 25

163 2873 369 2945 Attigit
408 2878 469 2926 ut
508 2876 724 2928 tandem
764 2877 969 2928 caelum
1008 2876 1342 2946 genibusque
1381 2875 1641 2928 Tonantis

165 2945 479 3019 Procubuit,
518 2950 654 3002 tales
697 2950 902 3002 orditur
940 2952 1144 3002 maesta
1185 2949 1469 3018 querellas:
