2085 3215
375 87 510 146 (XX.)
542 87 608 132 IN
640 87 1000 132 EVTROPIVM
1031 89 1214 133 LIBER
1246 90 1576 137 SECVNDVS.
1759 93 1830 146 85

134 223 353 292 Eripuit
394 221 672 291 Gallisque
712 222 892 275 dedit?
968 223 1197 277 Rufinus
1239 226 1391 297 origo

134 297 314 349 Prima
352 297 503 349 mali:
543 297 783 367 geminas
824 298 964 348 inter
1004 298 1266 351 discordia
1306 304 1486 368 partes
1744 317 1829 356 540

133 371 252 423 Hoc
293 375 510 423 auctore
549 371 666 423 fuit.
746 369 849 422 Sed
886 371 994 422 iam
1033 373 1235 424 maiora
1275 375 1512 426 moventi

133 443 378 498 Occurrit
417 446 561 497 iusta
600 444 808 496 rediens
849 445 1113 497 exercitus
1152 447 1231 497 ira
1241 490 1254 516 ⁷

131 518 312 571 Fortis
353 519 525 571 adhue
564 518 796 586 ferrique
835 537 1052 571 memor.
1130 520 1316 572 Brevis
1356 522 1478 574 inde
1519 524 1715 575 reluxit

130 592 395 662 Falsaque
435 593 680 661 libertas3
719 611 933 644 rursum
975 593 1288 646 Stilichonis
1328 595 1552 648 habenis

132 666 423 735 Sperabam
462 685 546 719 me
584 685 743 735 posse
782 667 909 736 regi.
987 666 1093 719 Pro
1136 686 1289 720 caeca
1328 669 1498 721 futuri
1739 686 1825 725 545

133 739 359 793 Gaudia!
436 740 695 792 Fraterno
738 741 992 811 coniungi
1033 747 1277 810 coeperat
1319 743 1464 795 orbis

130 813 360 883 Imperio
402 814 548 886 (quis
589 815 729 866 enim
768 818 921 866 tanto
962 819 1165 868 terrore
1204 817 1432 868 recentis

129 889 380 958 Exempli
420 889 639 958 paribus
682 907 795 940 sese
837 890 1196 942 committeret
1237 891 1380 942 ausis
1396 890 1469 962 22),

132 962 266 1015 Cum
307 964 487 1015 subito
530 961 859 1034 (monstrosa
899 963 1032 1015 mihi
1072 965 1353 1033 turpisque
1393 965 1566 1017 relatu

128 1036 360 1108 Fabula)
401 1037 585 1089 Rufini
626 1040 892 1090 castratus
931 1039 1145 1106 prosilit
1185 1039 1365 1108 hereS‚
1741 1055 1826 1095 550

129 1110 204 1162 Et
245 1112 445 1164 similes
484 1112 681 1163 iterum
720 1112 898 1163 luctus
939 1111 1179 1164 Fortuna
1219 1113 1452 1182 reduxit,

127 1184 204 1236 Vt
246 1186 420 1238 solum
462 1186 663 1237 domini
704 1204 889 1238 sexum
928 1190 1166 1238 mutasse
1205 1187 1423 1238 viderer.

242 1260 366 1312 ‘Hic
405 1260 638 1328 primum
678 1260 903 1311 thalami
945 1261 1193 1312 claustris
1235 1261 1427 1312 delicta
1467 1262 1684 1331 tegebat

131 1334 282 1387 Clam
321 1334 611 1402 timideque
650 1334 864 1401 iubens3
906 1338 1018 1385 erat
1058 1335 1321 1386 invidiosa
1361 1339 1624 1404 potestaS‚

130 1408 233 1461 Sed
272 1412 453 1460 tamen
493 1408 744 1477 eunuchi,
781 1408 1008 1459 necdrun
1049 1409 1152 1460 sibi
1191 1409 1407 1477 publica
1446 1409 1564 1461 iura
1739 1422 1825 1462 555

131 1482 349 1535 Sumere
387 1500 484 1534 neo
523 1486 668 1534 totas
709 1482 938 1534 audebat
978 1486 1182 1534 vertere
1222 1483 1382 1552 leges,

128 1556 204 1609 At
243 1560 533 1625 postquam
571 1556 849 1624 pulsisque
889 1556 1046 1608 bonis
1087 1561 1138 1608 et
1179 1557 1323 1608 faece
1364 1560 1572 1608 retenta

127 1631 344 1684 Peiores
384 1631 517 1700 legit
559 1630 733 1682 socios
774 1630 1074 1700 dignusque
1116 1631 1331 1682 satelles

129 1705 273 1757 Hinc
312 1704 515 1756 Hosius
557 1705 731 1774 stetit,
770 1704 892 1756 inde
931 1704 1064 1774 Leo>
1103 1705 1297 1756 fiducia
1340 1704 1506 1756 crevit

130 1779 517 1849 Regnandique
556 1779 734 1846 palam
774 1779 1023 1849 flagravit
1064 1783 1247 1847 aperta
1287 1779 1469 1830 libido,
1741 1792 1827 1832 560

128 1853 417 1921 Patricius,
458 1853 645 1904 consul
684 1853 918 1904 maculat
959 1871 1095 1920 quos
1135 1853 1317 1905 Vendit
1355 1853 1609 1921 honores,

127 1926 258 1978 Plus
298 1927 532 1978 maculat
572 1944 706 1993 quos
745 1928 860 1995 ipse
901 1927 1053 1997 gerit.
1130 1926 1245 1978 Iam
1286 1928 1440 1998 signa
1483 1927 1750 1994 tubaeque

131 2000 480 2068 Molleseunt‚
519 2000 666 2067 ipsos
705 2001 920 2070 ignavia
959 2001 1116 2052 firixit
1154 2002 1212 2052 in
1252 2019 1417 2053 enses.

130 2074 395 2126 Exultant
434 2073 626 2125 merito
668 2078 855 2143 gentes
895 2074 1175 2141 facilisque
1215 2075 1418 2126 volenti

128 2148 332 2199 Praeda
373 2166 570 2199 sumus,
647 2146 762 2198 Iam
801 2147 1062 2199 Bistoniis
1101 2148 1414 2215 Haemoque
1452 2148 1617 2199 nivali
1740 2160 1826 2200 565

130 2221 352 2273 Vastior
392 2221 628 2290 expulsis
670 2220 858 2273 Oriens
901 2222 1189 2289 squalescit
1230 2222 1436 2273 aratris,

130 2295 198 2347 Ei
238 2295 392 2364 mihi,
434 2314 566 2363 quas
606 2295 766 2347 urbes
808 2299 860 2347 et
902 2299 1102 2363 quanto
1143 2301 1383 2364 tempore
1424 2295 1614 2346 Martis

131 2367 354 2439 Ignaras
394 2387 502 2421 uno
543 2373 836 2437 rapuenmt
875 2370 1078 2437 proelia
1119 2372 1298 2421 cursu!

130 2442 318 2511 Nuper
358 2443 424 2494 ab
467 2447 703 2495 extremo
744 2444 962 2495 veniens
1004 2445 1275 2511 equitatus
1316 2442 1492 2494 Araxe

131 2516 343 2568 Terruit
381 2516 638 2568 Antiochi
679 2535 887 2586 mur·OS‚
926 2518 1209 2585 ipsumque
1250 2518 1469 2569 decorae
1741 2531 1826 2570 570

128 2590 303 2642 Paene
344 2594 503 2658 caput
544 2590 729 2659 Syriae
769 2591 998 2643 flammis
1038 2591 1329 2643 hostilibus
1371 2591 1516 2642 arsit.

130 2663 312 2732 thue
352 2664 531 2734 gravis
574 2665 761 2733 spoliis
800 2665 1059 2733 nulloque
1101 2665 1350 2716 obstante
1389 2664 1654 2733 profunda

130 2737 330 2789 Laetus
371 2738 526 2789 caede
566 2739 725 2807 redit,
766 2739 1008 2806 sequitur
1047 2757 1300 2790 mucrone
1342 2739 1571 2790 seeundo

133 2810 461 2863 Continuum
500 2812 718 2880 vulnus3
756 2830 854 2863 nec
891 2813 999 2864 iam
1038 2812 1169 2863 mihi
1212 2811 1479 2864 Caucasus
1519 2812 1702 2863 hostes

130 2883 244 2937 Nec
283 2885 454 2936 mittit
494 2885 702 2954 gelidus
741 2885 957 2954 Phasis3
995 2890 1289 2937 nascuntur
1328 2887 1384 2938 in
1423 2887 1540 2954 ipso
1739 2897 1824 2938 575
