2085 3215
444 94 647 151 (XVIII.)
680 94 744 137 IN
777 94 1136 138 EVTRoPIVM
1167 93 1349 137 LIBER
1381 93 1625 138 PRIMVS.
1816 94 1885 146 67

192 229 504 299 Calcarique
545 230 703 282 311133.
779 228 922 282 Nam
963 248 1096 297 quae
1136 229 1243 281 iam
1283 229 1425 281 bella-
1463 248 1713 300 geramus

188 304 449 357 Mollibus
489 304 779 373 auspiciis?
824 322 958 371 quae
997 303 1104 354 iam
1145 304 1374 355 conubia
1412 304 1619 372 prolem

187 379 292 431 Vel
330 379 542 449 frugem
581 380 759 430 latura
799 377 987 448 seges?
1029 377 1157 445 quid
1196 378 1371 429 fertile
1412 378 1596 448 terris,
1800 393 1889 433 495

189 452 328 516 Quid
365 453 586 521 plenum
625 452 796 505 sterili
834 451 1009 520 possit
1050 452 1148 502 sub
1191 452 1409 503 consule
1447 452 1632 505 nasci?

186 527 439 579 Ermuchi
480 527 524 579 si
563 527 681 578 iura
721 526 925 578 dabunt
965 526 1217 596 legesque
1256 526 1543 596 tenebimt7

185 601 400 653 Ducant
439 619 605 670 pensa
644 600 745 653 viri
784 603 1101 668 mutatoque
1142 599 1325 651 ordine
1366 618 1543 651 rerum

185 675 349 727 Vivat
388 674 684 727 Amazonio
727 675 949 726 confusa
988 674 1206 726 licentia
1244 674 1367 726 ritu,

299 748 458 812 ‘Quid
482 750 670 802 trahor
692 749 957 801 ulterius?
1021 748 1264 817 Stilicho,
1298 747 1426 816 quid
1449 747 1659 801 vincere
1693 749 1888 821 differs7

184 823 330 875 Dum
370 827 572 876 certare
610 824 812 892 pudet?
851 823 1026 875 nescis
1068 823 1212 891 quod
1250 822 1462 891 turpior
1500 823 1675 876 hostis
1801 840 1885 878 501

183 897 415 950 Laetitia
455 898 656 950 maiore
697 898 875 950 cadit?
950 897 1185 964 Piratica
1224 896 1483 968 Magnum

183 971 387 1043 Erigit,
427 968 684 1024 inlustrat
725 972 934 1024 servilis
974 972 1156 1024 laurea
1199 970 1465 1024 Crassum.

183 1045 408 1098 Adnuis
485 1046 741 1117 Agnosco
782 1046 1080 1116 fremitum7
1122 1064 1226 1114 quo
1266 1046 1462 1114 palluit
1501 1045 1705 1116 Ε111113,

184 1119 300 1182 Quo
341 1119 518 1172 Mauri
559 1120 824 1190 Gildoque
864 1121 987 1173 ruit.
1069 1120 1207 1183 Quid
1245 1119 1441 1172 Martia
1483 1121 1635 1190 signa
1801 1136 1885 1175 505

184 1194 494 1247 Sollicitas?
569 1194 698 1248 Non
737 1199 818 1247 est
858 1195 1048 1247 iaculis
1088 1195 1326 1247 hastisve
1365 1195 1648 1263 petendus:

184 1268 410 1321 Conscia
451 1270 800 1322 succumbent
840 1269 1023 1321 audito
1063 1270 1281 1321 verbere
1322 1273 1496 1340 terga,

181 1342 257 1395 Vt
298 1342 499 1412 Scytha
538 1348 664 1412 post
703 1344 905 1396 multos
945 1343 1154 1396 rediens
1196 1343 1460 1396 exercitus
1502 1362 1693 1413 annos,

183 1416 318 1469 Cum
359 1417 463 1469 sibi
503 1418 712 1469 servilis
751 1437 849 1486 pro
890 1418 1090 1470 finibus
1133 1418 1290 1470 obvia
1329 1418 1499 1486 pubes

180 1489 290 1543 Iret
330 1494 384 1543 et
424 1496 626 1544 arceret
668 1492 913 1544 dominos
953 1493 1146 1544 tellure
1186 1511 1451 1562 reversos7
1798 1509 1885 1548 510

179 1564 462 1618 Armatam
503 1566 734 1618 ostensis
775 1566 942 1618 aciem
982 1566 1164 1618 fudere
1205 1566 1457 1637 flagellis:

178 1638 358 1691 Notus
400 1640 467 1692 ab
508 1640 736 1708 inceptis
776 1640 1016 1711 ignobile
1056 1640 1293 1709 reppulit
1332 1640 1525 1692 horror

178 1713 393 1785 Vulgus
434 1718 487 1767 et
527 1715 770 1767 addictus
813 1715 912 1767 sub
952 1715 1171 1767 verbere
1211 1715 1419 1784 torpuit
1459 1715 1635 1767 ensis'.

726 2058 815 2116 IN
863 2059 1336 2119 EVTROPIVM

489 2192 693 2241 LIBER
734 2193 1097 2242 SECVNDVS.
1175 2194 1572 2243 PRAEFATIO.

951 2305 1109 2363 (xix.)

176 2395 278 2458 Qui
317 2396 476 2448 modo
519 2396 775 2449 sublimes
815 2415 993 2449 rerum
1032 2397 1284 2451 flectebat
1321 2398 1557 2450 habenas

248 2470 538 2539 Patricius,
578 2490 793 2524 rursum
832 2472 1054 2524 verbera
1092 2476 1224 2524 nota
1263 2472 1418 2524 timet

174 2544 249 2596 Et
290 2544 481 2597 solitos
521 2545 704 2597 tardae
743 2565 1002 2614 passurus
1043 2547 1313 2615 compedis
1355 2547 1511 2598 orbes

249 2616 314 2670 In
354 2619 600 2671 dominos
639 2638 804 2672 vanas
844 2620 996 2691 luget
1036 2621 1211 2673 abisse
1255 2620 1441 2673 minas.

177 2691 422 2744 Culmine
462 2693 725 2746 deiectum
764 2695 906 2747 vitae
945 2693 1187 2747 Fortima
1226 2695 1393 2763 priori

248 2765 522 2836 Reddidit,
561 2767 751 2820 insano
791 2768 899 2821 iam
940 2769 1135 2821 satiata
1173 2769 1306 2821 1000.

175 2839 425 2892 Scindere
464 2843 607 2894 nunc
647 2843 752 2894 alia
790 2843 1081 2895 meditatur
1120 2843 1268 2913 ligna
1309 2844 1479 2895 securi

249 2913 510 2967 Fascibus
551 2920 603 2968 et
642 2917 859 2970 tandem
897 2917 1118 2986 vapulat
1156 2918 1271 2986 ipse
1313 2918 1436 2969 suis,
