2044 3220
534 79 739 138 (XXVI.)
781 79 862 124 DE
895 80 1088 126 BELLO
1121 79 1401 127 GOTHICO.

113 215 339 270 Aeetam
381 216 718 285 Colchosque
757 220 969 288 petenS‚
1008 218 1262 288 propiore
1301 217 1506 288 periclo

114 291 380 345 Omnibus
419 291 693 361 attonitis7
734 291 883 344 solus
923 296 1049 362 post
1087 293 1311 345 numina
1349 291 1557 363 Tiphys

110 366 443 420 Incolumem
481 366 634 419 tenui
675 365 869 419 damno
912 384 1152 420 servasse
1194 367 1431 420 carinam

110 441 306 494 Fertur
345 444 398 494 et
438 440 732 510 ancipitem
770 440 974 494 montis
1014 441 1216 494 vitasse
1255 442 1470 495 ruinam

110 517 458 586 Deceptoque
496 533 666 587 vagae
706 534 971 568 concursu
1010 516 1162 585 rupis
1203 516 1261 568 in
1305 517 1476 569 altum

110 590 406 644 Victricem
447 590 663 643 duxisse
703 594 901 661 ratem3
942 594 1196 660 stupuere
1236 591 1498 661 superbae

110 664 245 719 Arte
283 665 389 719 viri
430 665 665 718 domitae
707 664 1096 737 Symplegades
1138 669 1190 718 et
1229 684 1371 718 nova
1410 683 1602 735 passae

110 739 236 793 Iura
276 740 380 793 soli
422 740 630 793 cunctis
671 740 859 793 faciles
899 741 1009 794 iam
1047 740 1324 810 puppibus
1363 740 1609 812 haerent,

109 815 186 868 Vt
225 815 370 868 vinci
412 814 644 868 didicere
686 815 863 868 semel.
930 815 1136 898 Quodsi
1177 815 1343 868 ardua
1383 815 1602 885 Tiphyn

109 889 281 944 Navis
323 890 391 943 ob
431 890 694 943 innocuae
734 890 990 943 meritum
1031 890 1109 943 sic
1149 890 1325 961 gloria
1365 891 1536 961 vexit,

111 964 257 1028 Quae
295 964 402 1018 tibi
439 983 539 1035 pro
579 965 722 1018 tanti
759 965 919 1034 pulso
962 965 1273 1018 discrimine
1313 965 1468 1048 regni

111 1039 394 1093 Snfficient
434 1039 643 1110 laudeS‚
685 1039 956 1093 Stilicho?
1016 1040 1170 1093 Licet
1212 1040 1394 1093 omnia
1432 1043 1583 1094 vates

109 1113 175 1167 In
212 1114 389 1168 maius
430 1115 699 1167 celebrata
739 1115 916 1168 ferant
956 1115 1239 1184 ipsamque
1281 1114 1524 1168 secandis

110 1188 312 1261 Argois
351 1190 601 1242 trabibus
643 1189 846 1242 iactent
888 1190 1108 1242 sudasse
1148 1189 1450 1242 Minervam

108 1263 225 1318 Nec
262 1264 501 1333 nemoris
540 1265 680 1316 muti
721 1264 963 1317 iunxisse
1005 1264 1243 1317 carentia
1285 1282 1446 1316 sensu

109 1338 353 1410 Robora,
394 1339 488 1392 sed
527 1357 680 1391 caeso
722 1338 941 1391 Tomari
980 1337 1128 1391 Iovis
1170 1357 1372 1410 augure
1412 1338 1535 1391 luco

109 1412 322 1466 Arbore
360 1432 623 1484 praesaga
662 1413 878 1466 tabulas
920 1413 1188 1466 animasse
1228 1413 1496 1482 loquaces,

109 1488 354 1541 Plurima
395 1488 487 1540 sed
528 1488 775 1557 quamvis
816 1488 982 1541 variis
1023 1488 1286 1541 miracula
1324 1486 1585 1540 monstris

109 1562 474 1634 Ingeminent‚
513 1566 726 1615 teneras
767 1563 966 1616 victuri
1007 1563 1242 1616 carmine
1281 1566 1489 1615 mentes
1498 1606 1512 1633 ‚

109 1637 490 1707 Harpyiasque
529 1641 708 1690 truces
748 1637 1112 1707 insopitisque
1152 1637 1395 1690 refusum

111 1712 398 1765 Tractibus
439 1712 614 1764 aurati
655 1712 933 1765 custodem
971 1712 1189 1765 velleris
1230 1730 1462 1784 anguem

110 1786 186 1840 Et
225 1787 353 1859 iuga
391 1790 673 1839 taurorum
712 1787 917 1856 rapidis
959 1787 1211 1840 ambusta
1249 1786 1453 1840 favillis

108 1861 184 1915 Et
222 1861 420 1914 virides
460 1862 633 1933 galeis
674 1862 853 1915 sulcos
894 1862 1141 1931 fetasque
1178 1862 1401 1915 novales

109 1935 304 1989 Martis
345 1939 398 1989 et
438 1936 497 1989 in
537 1940 774 2007 segetem
815 1937 1105 1989 crescentis
1146 1936 1352 1989 semina
1391 1935 1549 1989 belli:

110 2010 208 2064 Nil
246 2011 390 2064 veris
430 2011 653 2079 aequale
695 2011 913 2063 dabunt.
976 2011 1274 2064 Prohibere
1315 2029 1535 2080 rapaces

112 2085 332 2139 Scilicet
371 2085 645 2154 Harpyias
684 2104 899 2154 unaque
940 2086 1221 2139 excludere
1260 2104 1447 2138 mensa

108 2159 368 2214 Nobilior
407 2160 627 2230 titulus,
669 2179 831 2229 quam
870 2164 954 2212 tot
994 2160 1239 2229 potuisse
1278 2165 1496 2229 paratas

109 2233 175 2287 In
212 2234 359 2287 Latii
397 2235 651 2304 praedam
693 2233 910 2288 Geticas
952 2238 1191 2288 avertere
1231 2235 1451 2287 fauces?

109 2307 267 2362 Anne
308 2327 408 2380 ego
449 2309 750 2380 terrigenas
789 2309 975 2378 potius
1014 2309 1256 2362 mirabor
1295 2309 1354 2362 in
1392 2308 1528 2378 ipsis

108 2383 473 2437 Procubuisse
513 2384 669 2454 satiS‚
709 2384 852 2437 vitae
894 2384 1092 2453 quibus
1133 2384 1321 2437 attulit
1360 2383 1502 2435 idem

108 2457 449 2528 Principium
488 2458 757 2528 finemque
799 2459 935 2529 (1168,
977 2477 1139 2528 quam
1180 2476 1333 2511 caesa
1375 2456 1632 2510 Getarum

109 2531 371 2604 Agmina,
412 2551 549 2602 quos
588 2534 759 2587 tantis
800 2534 937 2586 aluit
975 2533 1203 2586 Bellona
1242 2531 1480 2601 tropaeis

6 2639 9 2661 ι
110 2606 356 2675 Totaque
397 2607 497 2660 sub
537 2608 709 2679 galeis
749 2607 1019 2661 Mavortia
1059 2607 1243 2660 canuit
1283 2606 1468 2659 aetas?

222 2681 327 2734 Per
365 2685 420 2734 te
457 2700 691 2751 namque
729 2701 899 2735 unum
937 2682 1130 2735 mediis
1171 2684 1332 2733 exuta
1370 2681 1610 2734 tenebris

110 2753 345 2824 Imperio
388 2774 485 2808 sua
525 2757 700 2809 forma
738 2757 900 2828 ledit,
941 2755 1300 2824 claustrisque
1341 2755 1550 2809 solutae

111 2828 387 2882 Tristibus
416 2848 699 2902 exangues
739 2832 937 2884 audent
976 2829 1262 2899 procedere
1301 2830 1463 2902 leges

5 2906 13 2939 ‘³
103 2901 333 2973 Iamque
370 2907 669 2973 potestates
709 2906 921 2975 priscus
963 2903 1299 2957 discriminat
1341 2905 1470 2957 ordo

1616 108 1626 116 ·
1714 82 1817 135 197

1765 756 1819 797 10

1766 1129 1818 1169 15

1761 1501 1818 1541 20

1764 1874 1819 1914 25

1760 2247 1818 2287 30

1762 2618 1818 2659 35
