2085 3215
191 125 263 177 30
731 121 974 166 CLAVDII
1006 120 1338 166 CLAVDIANI

189 259 286 328 Ite,
326 259 428 310 mei
470 257 737 325 quondam
777 256 941 308 socii.'
1017 255 1131 308 Nec
1169 256 1324 323 plura
1363 256 1576 308 locutus

189 333 367 385 Flexit
406 332 528 383 iter:
576 349 743 382 vacuo
784 330 958 398 qualis
998 330 1219 381 discedit
1259 330 1411 381 hiatu

192 405 485 474 Impatiens
525 422 758 456 remeare
798 405 898 473 leo,
939 422 1096 471 quem
1134 404 1365 471 plurima
1406 402 1584 471 cuspis

190 480 265 531 Et
305 479 602 547 pastorales
642 478 963 546 pepulerunt
1002 477 1125 547 igne
1167 481 1422 547 catervae,

191 552 527 620 Inclinatque
567 552 721 603 iubas
763 551 1095 619 demissaque
1135 551 1337 602 lumina
1377 551 1519 602 velat
1797 564 1883 603 255

191 627 265 678 Et
304 626 540 694 trepidas
580 629 784 677 maesto
825 625 1052 676 rimatur
1089 643 1360 676 murmure
1401 624 1577 675 silvas.

303 700 379 751 Vt
421 718 534 751 sese
573 699 715 770 legio
755 699 889 750 vidit
930 698 1193 749 disiuncta
1233 698 1479 766 relinqui,

191 773 473 845 higentem
512 773 659 824 tollit
700 772 958 843 gemitum
998 771 1286 841 galeasque
1327 771 1520 823 solutis

191 847 443 899 Vmectat
481 846 716 898 lacrimis
757 863 1102 913 pressamque
1141 845 1408 896 morantia
1447 863 1631 896 vocem

193 921 494 973 Thoracum
534 919 740 971 validos
779 919 999 986 pulsant
1040 918 1269 986 suspiria
1306 937 1498 970 nexus:
1798 933 1887 972 260

194 995 510 1063 ‘Tradimur,
542 994 661 1060 heu,
693 996 1010 1060 tantumque
1044 992 1196 1059 sequi
1226 992 1574 1060 prohibemur
1607 1010 1841 1044 amorem
1855 992 1886 1044 l'

192 1069 527 1121 Exclamant.
606 1066 913 1135 ‘Spernisne
952 1069 1090 1134 tuaS,
1131 1066 1237 1116 dux
1278 1066 1492 1134 optime,
1533 1065 1762 1136 dextras,

196 1142 338 1204 Quas
378 1141 480 1192 tibi
518 1141 764 1192 victrices
803 1139 1004 1191 totiens
1043 1139 1268 1191 Bellona
1306 1139 1598 1207 probavit?

193 1215 310 1268 Nos
351 1215 480 1266 adeo
520 1214 689 1266 viles?
730 1213 859 1265 adeo
900 1213 1108 1265 felicior
1147 1213 1261 1264 axis

193 1288 503 1358 HesperiuS,
541 1287 738 1339 meruit
779 1287 870 1355 qui
909 1291 962 1339 te
1002 1290 1208 1339 rectore
1246 1286 1456 1338 teneri?
1800 1300 1885 1341 265

195 1362 336 1425 Quid
372 1362 530 1414 nobis
569 1361 816 1430 patriam,
856 1361 985 1429 quid
1025 1379 1145 1412 cara
1183 1360 1412 1411 revisere
1450 1360 1666 1411 tandem

193 1436 430 1507 Pignora
471 1436 759 1487 dilectosve
798 1435 947 1486 iuvat
988 1435 1216 1486 coluisse
1254 1434 1512 1502 penates?

195 1510 270 1562 Te
311 1511 423 1562 sine
465 1509 615 1561 dulce
653 1509 803 1560 nihil.
880 1507 995 1560 Iam
1034 1508 1322 1560 formidata
1360 1506 1580 1575 tyranni

197 1584 510 1652 Tempestas
552 1582 827 1634 subeunda
865 1582 1014 1652 mihi,
1055 1582 1146 1650 qui
1187 1582 1327 1633 forte
1365 1580 1622 1632 nefandas

199 1657 350 1710 Clam
388 1660 543 1725 parat
582 1656 819 1724 insidias,
860 1656 951 1724 qui
989 1674 1089 1707 nos
1130 1659 1223 1706 aut
1261 1655 1512 1722 turpibus
1551 1653 1728 1705 Hunis
1802 1667 1889 1707 270

196 1731 309 1783 Aut
348 1729 629 1798 impacatis
669 1729 900 1781 famulos
939 1728 1219 1797 praebebit
1257 1728 1474 1797 Alanis,

200 1804 535 1871 Quamquam
571 1821 681 1855 non
721 1803 850 1854 adeo
891 1803 1056 1854 robur
1096 1802 1347 1854 defecerit
1388 1819 1542 1853 omne

198 1878 436 1930 Tantave
476 1877 723 1948 gestandi
762 1877 925 1928 fuerit
963 1876 1186 1944 penuria
1225 1875 1366 1927 ferri.

199 1952 296 2021 Tu,
334 1951 460 2003 licet
501 1950 719 2002 occiduo
758 1969 974 2002 maneas
1015 1950 1114 2001 sub
1156 1949 1367 2001 cardine
1408 1948 1554 2017 caeli,

199 2025 281 2077 Tu
305 2024 437 2076 mihi
464 2024 570 2075 dux
596 2042 817 2092 semper,
843 2023 1087 2092 Stilicho,
1109 2027 1458 2090 nostramque
1482 2022 1568 2073 vel
1593 2021 1785 2073 absens
1804 2031 1890 2074 275

197 2098 489 2167 Experiere
529 2097 701 2149 fidem.
778 2097 1013 2149 Dabitur
1051 2097 1153 2149 tibi
1195 2096 1373 2148 debita
1411 2095 1618 2163 pridem

198 2171 456 2224 Victima:
496 2171 776 2239 promissis
815 2172 976 2242 longe
1015 2171 1295 2239 placabere
1336 2169 1535 2221 sacris,²

312 2245 544 2297 Tristior
582 2244 896 2296 Haemoniis
935 2245 1089 2296 miles
1130 2244 1400 2314 digressus
1442 2243 1508 2294 ab
1551 2242 1658 2293 oris

200 2319 480 2389 Tangebat
518 2318 787 2369 Macetum
825 2320 959 2370 fines
997 2336 1286 2385 murosque
1327 2316 1559 2385 subibat,

202 2392 598 2460 Thessalonica,
637 2395 774 2443 tuos.
854 2391 1024 2444 Sensu
1065 2392 1217 2443 dolor
1254 2391 1438 2441 haeret
1476 2389 1534 2440 in
1573 2388 1683 2440 alto
1806 2401 1892 2440 280

202 2465 436 2518 Abditus
478 2469 530 2517 et
569 2465 762 2516 tacitas
801 2465 1066 2517 vindictae
1104 2464 1397 2533 praestruit
1435 2463 1559 2532 iraS,

204 2538 593 2607 Spectaturque
633 2539 817 2590 favens
859 2539 994 2590 odiis
1033 2539 1184 2590 locus
1224 2541 1455 2605 aptaque
1494 2536 1603 2588 leto

205 2612 480 2680 Tempora.
556 2611 671 2664 Nec
711 2612 994 2680 quisquam
1032 2616 1185 2664 tanta
1225 2611 1287 2662 de
1325 2611 1466 2679 pube
1505 2612 1763 2678 repertuS,

203 2685 460 2737 Proderet
498 2685 729 2737 incautis
770 2687 863 2754 qui
904 2686 1061 2738 corda
1100 2684 1360 2736 minantia
1399 2683 1591 2735 verbis

208 2758 352 2821 Quae
391 2777 500 2810 non
537 2759 842 2830 posteritaS,
883 2779 1017 2828 quae
1054 2777 1166 2811 non
1202 2757 1488 2810 mirabitur
1527 2759 1673 2808 aetas
1806 2766 1891 2807 285

328 2923 413 2961 270
448 2916 599 2974 Cla-m]
631 2920 819 2976 scripsi5
849 2919 957 2963 iam.
