2044 3220
201 135 358 193 (XXI.)
382 135 462 180 DE
489 134 851 182 CONSVLATV
876 135 1249 182 STILICHONIS
1273 137 1457 182 LIBER
1478 137 1721 183 PRIMVS.
1779 138 1885 190 149

200 268 375 323 Gallia
414 271 498 323 bis
538 272 736 325 fractas
775 269 975 340 Alpino
1017 272 1235 325 vulnere
1275 274 1452 325 vires?

195 343 323 398 Non
363 364 461 417 ego
503 345 714 415 dilectu,
754 345 902 414 Tyrii
943 346 1034 397 sed
1073 365 1285 399 vomere
1327 347 1511 399 Cadmi

197 417 328 471 Tam
369 420 575 472 subitas
616 420 753 472 acies
795 423 1051 488 concepto
1093 420 1247 472 dente
1289 421 1533 474 draconis

195 492 466 546 Exiluisse
506 512 647 546 reor:
687 493 928 546 Dircaeis
970 494 1144 562 qualis
1183 495 1241 546 in
1280 495 1420 546 arvis
1804 509 1890 548 320

194 565 388 620 Messis
429 586 549 620 cum
587 568 806 637 proprio
846 586 972 619 mox
1011 568 1278 620 bellatura
1319 569 1509 621 colono

198 640 471 712 Cognatos
512 642 729 694 strinxit
769 642 994 713 gladios,
1035 661 1155 694 cum
1197 642 1395 694 semine
1435 643 1576 695 iacto

195 713 513 786 Terrigenae
552 716 706 787 galea
745 720 972 768 matrem
1010 720 1263 768 nascente
1303 716 1525 769 ferirent

194 788 431 842 Armifer
471 794 524 842 et
562 789 719 842 viridi
759 791 974 842 floreret
1012 790 1184 842 milite
1226 790 1419 842 sulcus

196 863 315 916 Hoc
342 882 554 933 quoque
577 882 688 916 non
711 883 875 932 parva
903 865 984 916 fas
1011 868 1092 916 est
1119 883 1238 916 cum
1262 864 1418 916 laude
1443 864 1688 933 relinqui,
1807 878 1890 916 325

197 936 352 1000 Quod
388 956 501 990 non
540 942 662 990 ante
703 938 856 991 fretis
897 939 1161 990 exercitus
1203 938 1413 990 adstitit
1451 939 1613 1008 ultor,

195 1009 391 1064 Ordine
433 1030 593 1081 quam
630 1013 807 1081 prisco
849 1016 1086 1065 censeret
1126 1012 1269 1064 bella
1310 1016 1541 1065 senatus

192 1084 516 1157 Neglectum
557 1085 783 1139 Stilicho
823 1105 918 1155 per
957 1090 1041 1139 tot
1080 1086 1188 1138 iam
1229 1087 1439 1139 saecula
1479 1105 1683 1139 morem

192 1159 443 1230 Rettulit,
481 1163 543 1212 ut
584 1160 807 1212 ducibus
847 1160 1163 1212 mandarent
1201 1161 1405 1229 proelia
1445 1164 1624 1229 patres

192 1232 528 1302 Decretoque
567 1238 727 1305 togae
767 1235 897 1286 felix
936 1235 1241 1305 legionibus
1280 1235 1382 1286 iret
1804 1249 1889 1289 330

195 1306 430 1360 Tessera.
493 1308 785 1360 Romuleas
825 1308 971 1378 leges
1011 1308 1230 1360 rediisse
1272 1308 1517 1379 fatemur,

197 1379 330 1434 Cum
370 1399 651 1450 procerum
689 1382 851 1434 iussis
891 1382 1208 1434 famulantia
1249 1383 1513 1434 cernimus
1554 1401 1713 1434 arma.

307 1455 643 1524 Tyrrhenum
682 1460 898 1524 poteras
940 1456 1146 1508 cunctis
1186 1457 1551 1508 transmittere
1593 1457 1761 1527 signis

192 1528 267 1581 Et
306 1529 514 1581 ratibus
555 1528 756 1599 SyrteS,
795 1530 1023 1598 Libyam
1064 1530 1329 1598 complere
1368 1530 1643 1600 maniplis3

195 1601 433 1655 Consilio
476 1604 626 1655 stetit
664 1604 745 1655 ira
784 1604 987 1673 minor,
1012 1622 1079 1655 ne
1119 1604 1340 1656 territus
1379 1604 1471 1656 ille
1802 1618 1887 1658 335

193 1677 265 1729 Te
307 1677 437 1730 duce
478 1681 726 1746 suspecto
767 1677 958 1729 Martis
999 1678 1243 1748 graviore
1282 1682 1474 1746 paratu

191 1750 305 1803 Aut
342 1752 400 1803 in
437 1751 732 1804 harenosos
773 1756 954 1804 aestus
992 1770 1287 1820 zonamque
1326 1752 1608 1804 rubentem

194 1824 455 1878 Tenderet
495 1830 588 1878 aut
631 1826 760 1878 solis
799 1826 1013 1897 fugiens
1052 1826 1308 1878 transiret
1347 1827 1405 1878 in
1445 1829 1595 1878 ortus

191 1898 523 1951 Missiffusve
565 1899 668 1951 sibi
709 1903 880 1952 certae
922 1900 1121 1952 solacia
1159 1900 1351 1952 mortis

194 1971 401 2041 Oppida
442 1972 674 2025 dirueret
713 1974 956 2025 fiammis
1014 1973 1122 2025 Res
1161 1974 1296 2025 mira
1334 1974 1529 2026 relatu:
1801 1987 1885 2027 340

192 2045 276 2099 Ne
316 2047 536 2098 timeare
576 2047 734 2098 times
775 2050 842 2114 et,
884 2065 1041 2114 quem
1079 2047 1314 2099 vindicta
1353 2048 1619 2117 manebat,

192 2120 489 2188 Desperare
528 2124 691 2172 vetas.
757 2119 1028 2182 Quantum
1068 2120 1261 2172 fiducia
1299 2121 1458 2172 nobis

191 2193 427 2246 Profuit!
467 2193 684 2246 hostilis
726 2194 902 2246 salvae
946 2193 1288 2264 Carthaginis
1330 2213 1497 2264 arces3

192 2266 419 2320 Inlaesis
459 2267 608 2337 Tyrii
648 2268 882 2339 gaudent
923 2268 1221 2320 cultoribus
1262 2269 1392 2338 agri,

195 2341 340 2404 Quos
378 2343 558 2411 potuit
597 2346 808 2394 vastare
848 2342 990 2413 fuga.
1055 2341 1158 2410 Spe
1200 2346 1387 2410 captus
1426 2343 1574 2394 inani
1800 2355 1885 2395 345

192 2415 306 2468 Nec
347 2434 401 2468 se
444 2417 713 2485 subripuit
752 2435 954 2485 poenae
993 2417 1301 2484 nostrisque
1340 2417 1578 2485 pepercit

192 2489 447 2542 Demens:
489 2491 581 2559 qui
618 2509 842 2543 numero
883 2494 1110 2560 tantum,
1149 2508 1260 2542 non
1298 2491 1490 2542 robore
1530 2508 1747 2542 mensus

193 2563 467 2616 Romanos
506 2564 706 2633 rapidis
744 2565 860 2617 ibat
902 2583 996 2617 ceu
1034 2565 1283 2633 protinus
1325 2583 1507 2616 omnes

197 2635 512 2690 Calcaturus
552 2639 702 2706 equis
744 2642 811 2708 et,
853 2639 996 2707 quod
1033 2639 1231 2690 iactare
1274 2638 1497 2708 solebat,

196 2709 414 2763 Solibus
455 2712 640 2764 effetos
680 2731 952 2764 mersurus
991 2713 1209 2781 pulvere
1252 2710 1450 2764 Gallos,
1800 2726 1889 2766 350

196 2782 298 2836 Sed
339 2783 522 2837 didicit
559 2804 670 2838 non
708 2785 1038 2854 Aethiopum
1078 2786 1348 2856 geminata
1387 2787 1604 2838 venenis

194 2856 449 2928 Vulnera,
486 2876 597 2911 non
635 2860 816 2912 fusum
857 2860 1057 2912 crebris
1096 2859 1386 2911 hastilibus
1424 2860 1666 2931 imbrem,

195 2929 323 2983 Non
363 2931 603 3000 equitum
641 2934 855 2986 nimbos
893 2933 1064 2986 Latiis
1106 2933 1365 2985 obsistere
1404 2934 1543 3003 pilis.
