2019 3199
639 123 1116 168 ADNOTATIONES
1151 123 1449 170 CRITICAE.
1725 123 1898 168 XXXV

191 263 278 304 389
312 258 496 316 imbuit]
534 256 856 300 dubitationes
895 269 1001 300 suas
1033 256 1135 312 ipse
1171 256 1237 300 Bi.
1270 255 1473 300 removit
1504 256 1555 300 in
1585 255 1755 311 indice,
1791 269 1897 299 con·

313 317 466 361 ferens
499 316 637 372 Rapt.
665 316 710 358 Π
737 319 806 359 93.

188 381 275 421 402
311 376 472 433 Metti]
506 376 564 418 cf.
598 374 903 418 Stoeckerum
935 374 1020 418 1.1.
1055 389 1099 430 p.
1130 378 1318 417 29—31.
1379 388 1516 430 porro
1552 373 1611 417 ad
1644 373 1898 418 lectionem

307 438 548 491 receptam
585 434 752 477 ducere
785 432 1005 476 videntur
1037 433 1335 488 corruptelae
1367 448 1448 478 nec
1471 439 1525 478 tu
1548 433 1598 476 in
1623 433 1657 475 P
1684 437 1729 477 et
1757 435 1899 478 mechi

306 496 357 539 in
388 494 439 537 B.

187 559 272 599 471
294 554 416 611 sqq]
450 550 760 609 transpositio
792 565 1010 594 versuum
1035 554 1273 593 471—473
1307 553 1415 606 post
1439 565 1626 594 versum
1650 555 1736 594 483
1771 565 1895 594 com-

306 612 558 656 mendatur
590 613 637 655 et
670 612 945 666 argumento
988 609 1114 665 quod
1146 609 1214 653 Bi.
1248 609 1449 665 protulit
1490 613 1537 653 et
1576 611 1662 653 hac
1705 609 1895 653 ratioci—

306 671 522 716 natione:
554 669 768 714 versibus
802 671 926 712 enim
957 673 1195 712 466—470
1230 668 1286 711 de
1314 682 1520 723 quanam
1546 671 1685 724 gente
1711 671 1895 725 agatur,

308 731 498 775 omnino
538 731 587 773 in
629 729 810 773 incerto
858 728 1075 771 relictum
1116 731 1200 771 est.
1266 727 1430 771 debuit
1469 728 1617 784 igitur
1656 727 1752 771 iam
1790 727 1895 784 ipsa

307 803 422 846 gens
470 788 647 833 induci.
718 787 922 843 denique
968 803 1010 832 v.
1046 791 1132 830 476
1180 787 1374 830 vocibus
1416 790 1512 843 per'
1550 793 1592 831 te
1637 786 1897 831 Honorium

305 851 449 906 poeta
482 847 774 904 adloquitur,
817 847 944 903 quod
975 845 1164 890 facilius
1197 845 1528 900 tolerabimus,
1564 845 1605 888 si
1636 859 1728 889 non
1761 859 1895 901 prae-

306 907 432 953 cedit
477 907 716 951 invocatio
767 908 815 950 et
863 905 1077 950 evocatio
1125 906 1336 962 Ephyres
1386 907 1433 948 et
1481 905 1629 948 totius
1673 904 1896 949 Graecia-e

305 982 346 1012 v.
373 971 458 1012 471
480 982 596 1023 sqq.,
629 980 749 1022 quae
781 965 989 1009 vocativi
1020 978 1169 1021 paene
1202 965 1300 1008 vim
1331 964 1522 1008 habent.

184 1031 269 1072 481
304 1027 436 1085 arcu]
472 1026 537 1069 sic
568 1025 651 1069 PB
685 1025 810 1081 quod
842 1024 1142 1081 praeoptavi,
1178 1030 1285 1069 actu
1318 1023 1458 1077 enim,
1491 1023 1618 1080 quod
1649 1023 1893 1067 meliorem

304 1086 637 1130 auctoritatem
680 1085 846 1139 habet,
897 1084 1009 1139 quid
1053 1083 1144 1127 sibi
1182 1083 1301 1127 velit
1339 1082 1493 1126 minus
1537 1082 1769 1138 adsequor
1807 1097 1893 1127 nec

306 1145 424 1189 alibi
456 1144 514 1188 de
548 1158 698 1200 aquae
731 1144 876 1187 ductu
908 1146 1185 1199 usurpatum
1217 1144 1411 1199 reperio.

185 1209 271 1250 500
303 1206 364 1264 et]
398 1205 455 1248 de
487 1204 575 1247 hac
614 1203 846 1260 scriptura
884 1217 980 1247 non
1020 1204 1093 1246 est
1134 1202 1469 1255 dubitandum3
1518 1214 1629 1243 nam
1671 1201 1797 1256 quod
1838 1214 1893 1244 ex

301 1263 562 1321 Isengrinio
596 1277 640 1308 es
672 1262 902 1318 adfertur,
943 1263 1031 1306 hoc
1064 1261 1146 1305 ille
1188 1260 1389 1317 sumpsit
1430 1274 1485 1304 ex
1520 1260 1758 1315 Camerte,
1800 1273 1893 1315 qua

300 1338 351 1368 re
398 1323 496 1367 fere
545 1322 694 1367 omnis
745 1321 1002 1366 auctoritas
1049 1320 1269 1365 lectionis
1317 1320 1505 1363 tollitur
1547 1319 1604 1363 cf.
1638 1319 1708 1363 Bi.
1742 1319 1890 1375 praef.

338 1421 345 1428 .
375 1382 490 1427 CXC
522 1398 567 1427 n.
594 1388 634 1426 3.

183 1447 268 1488 522
300 1398 604 1498 I&ornantque
635 1446 741 1486 vota
771 1442 998 1498 moratur]
1033 1440 1094 1483 ad
1127 1453 1197 1494 ea,
1231 1452 1351 1494 quae
1386 1438 1512 1494 apud
1543 1437 1615 1482 Bi.
1652 1436 1890 1493 adnotavi,

303 1501 424 1545 adde
458 1500 604 1544 etiam
637 1500 739 1546 Stil.
767 1500 810 1544 ΙΙ
835 1504 934 1544 226.

183 1566 269 1606 604
302 1560 605 1617 dubitassent]
656 1560 722 1602 sic
760 1559 798 1602 E
839 1573 943 1602 cum
981 1559 1077 1602 PA
1116 1572 1210 1601 non
1248 1557 1425 1600 frustra
1462 1555 1686 1609 tradidit3
1735 1554 1889 1610 turpis

302 1620 428 1664 enim
460 1622 584 1662 esset
614 1618 807 1662 iteratio
839 1617 988 1661 nimia
1021 1617 1339 1661 clausularum
1361 1615 1414 1659 in
1437 1616 1725 1670 transferret,
1757 1616 1889 1659 dubi-

300 1684 466 1734 tarent,
497 1680 718 1734 furerent,
748 1680 880 1722 irent.
939 1677 1005 1721 sic
1038 1676 1183 1720 etiam
1209 1691 1245 1720 e.
1273 1691 1317 1733 g.
1348 1675 1452 1720 Stil.
1479 1676 1499 1717 Ι
1525 1679 1580 1717 17
1586 1679 1611 1718 8
1632 1688 1732 1729 sqq.
1758 1673 1891 1718 iuxta

299 1740 522 1795 leguntur
570 1743 806 1796 quaterent
854 1739 902 1780 et
943 1741 1269 1793 penetrassent.
1351 1737 1558 1778 ceterum
1606 1737 1772 1777 contra
1819 1746 1888 1785 ea,

301 1811 422 1854 quae
454 1797 771 1841 Buechelerus
805 1796 930 1853 apud
963 1796 1163 1839 Hirtium
1193 1795 1454 1851 proposuit,
1488 1807 1657 1836 moneo
1686 1791 1889 1836 subiecti

299 1857 542 1902 notionem
566 1857 627 1900 ad
651 1858 934 1901 dubitassent
959 1855 1217 1899 desiderari
1240 1868 1335 1897 non
1358 1867 1517 1910 posse3
1553 1865 1737 1908 semper
1762 1851 1887 1895 enim

299 1917 350 1960 in
380 1917 547 1959 harum
582 1916 920 1960 sententiarum
953 1913 1295 1971 compositione
1329 1912 1542 1956 subiecta
1575 1925 1795 1967 expressa
1822 1912 1887 1955 vi-

301 1976 484 2019 demus:
518 1975 689 2033 Lydia,
723 1975 874 2033 Nysa,
908 1975 1105 2018 blandae
1136 1975 1289 2031 tiyres.

182 2040 267 2080 626
306 2035 581 2091 Odothaeus}
614 2033 852 2090 rescripsi,
889 2033 945 2077 cf.
978 2032 1120 2075 Birtii
1150 2032 1357 2076 indicem
1391 2045 1426 2075 S.
1450 2046 1494 2075 v.

575 2169 942 2240 Panegyricus
981 2166 1173 2220 Manlii
1212 2165 1497 2218 Theodori.

209 2272 355 2330 praef.
384 2277 406 2315 1
441 2272 618 2329 tantae]
669 2285 725 2315 ex
772 2270 870 2315 solo
919 2269 961 2313 V
1008 2269 1109 2325 ipse
1157 2281 1342 2323 quoque
1389 2265 1570 2322 recepi;
1621 2267 1777 2310 doctae
1825 2283 1881 2321 φ;

442 2330 658 2374 doctrina
693 2343 804 2374 vero
841 2331 890 2373 in
928 2328 1004 2372 his
1042 2327 1156 2373 viris
1196 2328 1250 2370 ut
1288 2340 1373 2383 per
1414 2339 1461 2369 se
1501 2324 1885 2381 intellegebatur,

440 2390 511 2434 ita
547 2403 606 2434 ne
640 2391 808 2446 postea
848 2388 1040 2444 quidem
1070 2403 1113 2432 v.
1142 2392 1165 2431 7
1202 2391 1249 2430 et
1282 2391 1307 2430 8
1340 2399 1367 2428 a
1399 2386 1543 2441 poeta
1582 2385 1884 2440 memoratur,

444 2449 528 2493 sed
559 2449 659 2494 sola
689 2448 929 2492 maiestas.

353 2513 407 2553 18
439 2509 584 2567 vobis]
617 2508 842 2552 maiestas
876 2509 1036 2552 coetus
1067 2505 1212 2559 illius,
1247 2503 1322 2547 cui
1351 2503 1587 2561 praelegit
1616 2504 1759 2559 poeta
1783 2516 1885 2546 car-

441 2581 549 2612 men
583 2583 738 2623 suum,
781 2566 916 2623 quasi
953 2567 1116 2610 thema
1146 2566 1291 2608 totius
1331 2562 1641 2619 praefationis
1684 2561 1886 2605 dicenda

444 2630 516 2671 est
547 2640 697 2682 neque
729 2641 925 2683 usquam
951 2625 1196 2670 consulum
1218 2622 1295 2666 vel
1320 2621 1592 2666 consulatus
1617 2621 1786 2664 Manlii
1809 2621 1884 2664 his

442 2686 492 2730 in
522 2686 735 2730 versibus
775 2685 951 2729 mentio
989 2685 1055 2729 fit.
1116 2684 1276 2738 itaque
1315 2695 1428 2725 voce
1468 2683 1593 2726 vobis
1632 2680 1884 2724 concilium

444 2748 698 2802 augustum
741 2746 840 2789 sine
880 2744 1024 2788 dubio
1066 2741 1339 2798 adloquitur
1374 2742 1519 2797 poeta
1557 2740 1615 2784 cf.
1658 2753 1780 2795 quae
1812 2738 1884 2783 Bi.

443 2805 660 2862 exposuit
691 2804 741 2848 in
772 2805 918 2861 praef.
952 2819 997 2861 p.
1022 2803 1129 2846 XIX
1162 2804 1210 2845 et
1239 2800 1436 2843 XXXIV
1461 2801 1564 2844 adn.
1594 2806 1633 2843 3.

179 2878 350 2924 paneg.
378 2868 405 2908 8
437 2866 499 2910 ad
528 2867 664 2921 rura]
698 2864 887 2921 egregie
924 2865 975 2906 ni
1013 2862 1153 2905 fallor
1193 2859 1365 2916 aliquis
1404 2862 1617 2904 veterum
1658 2857 1883 2911 coniecit;

441 2923 552 2968 libri
584 2939 613 2969 a
644 2938 763 2970 rure.
817 2925 965 2980 patet,
1000 2920 1233 2977 siquidem
1266 2918 1492 2964 concinne
1531 2917 1664 2974 loqui
1691 2917 1886 2962 volebat

1465 2993 1524 3037 C*
