<?xml version="1.0" encoding="UTF-8"?>
<!DOCTYPE html PUBLIC "-//W3C//DTD XHTML 1.0 Transitional//EN"
    "http://www.w3.org/TR/xhtml1/DTD/xhtml1-transitional.dtd">
<html xmlns="http://www.w3.org/1999/xhtml" xml:lang="en" lang="en">
 <head>
  <title>
</title>
<meta http-equiv="Content-Type" content="text/html;charset=utf-8" />
  <meta name='ocr-system' content='tesseract 3.04.00' />
  <meta name='ocr-capabilities' content='ocr_page ocr_carea ocr_par ocr_line ocrx_word'/>
</head>
<body>
  <div class='ocr_page' id='page_1' title='image "./carmina00clauuoft_0361.png"; bbox 0 0 2044 3220; ppageno 0'>
   <div class='ocr_carea' id='block_1_1' title="bbox 114 133 1804 197">
    <p class='ocr_par' dir='ltr' id='par_1_1' title="bbox 114 133 1804 197">
     <span class='ocr_line' id='line_1_1' title="bbox 114 133 1804 197; baseline -0.003 -15"><span class='ocrx_word' id='word_1_1' title='bbox 114 137 356 197; x_wconf 85' lang='lat' dir='ltr'>(XXXVI.)</span> <span class='ocrx_word' id='word_1_2' title='bbox 390 136 470 180; x_wconf 91' lang='lat' dir='ltr'>DE</span> <span class='ocrx_word' id='word_1_3' title='bbox 502 135 705 180; x_wconf 87' lang='lat' dir='ltr'>RAPTV</span> <span class='ocrx_word' id='word_1_4' title='bbox 727 134 1149 179; x_wconf 82' lang='lat' dir='ltr'>PROSERPINAE</span> <span class='ocrx_word' id='word_1_5' title='bbox 1182 134 1364 178; x_wconf 88' lang='lat' dir='ltr'>LIBER</span> <span class='ocrx_word' id='word_1_6' title='bbox 1387 133 1662 178; x_wconf 85' lang='lat' dir='ltr'>TERTIVS.</span> <span class='ocrx_word' id='word_1_7' title='bbox 1694 133 1804 186; x_wconf 80' lang='grc'>293</span> 
     </span>
    </p>
   </div>
   <div class='ocr_carea' id='block_1_2' title="bbox 105 270 1805 2412">
    <p class='ocr_par' dir='ltr' id='par_1_2' title="bbox 111 270 1804 637">
     <span class='ocr_line' id='line_1_2' title="bbox 112 270 1525 343; baseline -0.002 -18"><span class='ocrx_word' id='word_1_8' title='bbox 112 273 377 343; x_wconf 80' lang='lat' dir='ltr'>Pondere,</span> <span class='ocrx_word' id='word_1_9' title='bbox 414 273 472 324; x_wconf 92' lang='lat' dir='ltr'>ni</span> <span class='ocrx_word' id='word_1_10' title='bbox 510 272 709 324; x_wconf 90' lang='lat' dir='ltr'>lassam</span> <span class='ocrx_word' id='word_1_11' title='bbox 747 270 962 322; x_wconf 78' lang='lat' dir='ltr'>fulciret</span> <span class='ocrx_word' id='word_1_12' title='bbox 1001 270 1244 338; x_wconf 84' lang='lat' dir='ltr'>proxima</span> <span class='ocrx_word' id='word_1_13' title='bbox 1285 288 1525 339; x_wconf 77' lang='lat' dir='ltr'>quercus</span> 
     </span>
     <span class='ocr_line' id='line_1_3' title="bbox 112 344 1625 413; baseline -0.002 -14"><span class='ocrx_word' id='word_1_14' title='bbox 112 346 242 399; x_wconf 90' lang='lat' dir='ltr'>Inde</span> <span class='ocrx_word' id='word_1_15' title='bbox 280 347 444 399; x_wconf 92' lang='lat' dir='ltr'>timor</span> <span class='ocrx_word' id='word_1_16' title='bbox 480 362 782 413; x_wconf 90' lang='lat' dir='ltr'>numenque</span> <span class='ocrx_word' id='word_1_17' title='bbox 822 344 964 413; x_wconf 91' lang='grc'><strong>1000,</strong></span> <span class='ocrx_word' id='word_1_18' title='bbox 1003 345 1342 412; x_wconf 83' lang='lat' dir='ltr'>nemorisque</span> <span class='ocrx_word' id='word_1_19' title='bbox 1384 347 1625 396; x_wconf 75' lang='lat' dir='ltr'>senectae</span> 
     </span>
     <span class='ocr_line' id='line_1_4' title="bbox 112 417 1543 491; baseline -0.002 -18"><span class='ocrx_word' id='word_1_20' title='bbox 112 421 382 491; x_wconf 75' lang='lat' dir='ltr'>Parcitur,</span> <span class='ocrx_word' id='word_1_21' title='bbox 423 419 779 486; x_wconf 71' lang='lat' dir='ltr'>aetheriisque</span> <span class='ocrx_word' id='word_1_22' title='bbox 817 417 968 469; x_wconf 86' lang='lat' dir='ltr'>nefas</span> <span class='ocrx_word' id='word_1_23' title='bbox 1005 418 1253 470; x_wconf 79' lang='lat' dir='ltr'>nocuisse</span> <span class='ocrx_word' id='word_1_24' title='bbox 1293 418 1543 487; x_wconf 75' lang='lat' dir='ltr'>tropaeis</span> 
     </span>
     <span class='ocr_line' id='line_1_5' title="bbox 111 492 1804 561; baseline -0.002 -14"><span class='ocrx_word' id='word_1_25' title='bbox 111 494 336 547; x_wconf 87' lang='lat' dir='ltr'>Pascere</span> <span class='ocrx_word' id='word_1_26' title='bbox 374 494 558 546; x_wconf 87' lang='lat' dir='ltr'>nullus</span> <span class='ocrx_word' id='word_1_27' title='bbox 599 511 723 545; x_wconf 85' lang='lat' dir='ltr'>oves</span> <span class='ocrx_word' id='word_1_28' title='bbox 761 509 859 543; x_wconf 87' lang='lat' dir='ltr'>nec</span> <span class='ocrx_word' id='word_1_29' title='bbox 897 492 1094 543; x_wconf 89' lang='lat' dir='ltr'>robora</span> <span class='ocrx_word' id='word_1_30' title='bbox 1132 492 1337 543; x_wconf 89' lang='lat' dir='ltr'>laedere</span> <span class='ocrx_word' id='word_1_31' title='bbox 1381 492 1610 561; x_wconf 86' lang='lat' dir='ltr'>Cyclops</span> <span class='ocrx_word' id='word_1_32' title='bbox 1718 506 1804 544; x_wconf 79' lang='lat'>355</span> 
     </span>
     <span class='ocr_line' id='line_1_6' title="bbox 111 565 1660 637; baseline -0.001 -17"><span class='ocrx_word' id='word_1_33' title='bbox 111 567 290 620; x_wconf 83' lang='lat' dir='ltr'>Audet</span> <span class='ocrx_word' id='word_1_34' title='bbox 330 572 382 620; x_wconf 90' lang='lat' dir='ltr'>et</span> <span class='ocrx_word' id='word_1_35' title='bbox 421 568 535 637; x_wconf 90' lang='lat' dir='ltr'>ipse</span> <span class='ocrx_word' id='word_1_36' title='bbox 573 566 715 637; x_wconf 81' lang='lat' dir='ltr'>fugit</span> <span class='ocrx_word' id='word_1_37' title='bbox 757 584 907 617; x_wconf 90' lang='lat' dir='ltr'>sacra</span> <span class='ocrx_word' id='word_1_38' title='bbox 945 565 1310 633; x_wconf 86' lang='lat' dir='ltr'>Polyphemus</span> <span class='ocrx_word' id='word_1_39' title='bbox 1351 567 1417 618; x_wconf 88' lang='lat' dir='ltr'>ab</span> <span class='ocrx_word' id='word_1_40' title='bbox 1457 567 1660 618; x_wconf 88' lang='lat' dir='ltr'>umbra.</span> 
     </span>
    </p>

    <p class='ocr_par' dir='ltr' id='par_1_3' title="bbox 107 638 1805 1600">
     <span class='ocr_line' id='line_1_7' title="bbox 222 638 1744 695; baseline -0.002 0"><span class='ocrx_word' id='word_1_41' title='bbox 222 642 352 695; x_wconf 88' lang='lat' dir='ltr'>Non</span> <span class='ocrx_word' id='word_1_42' title='bbox 387 645 569 694; x_wconf 89' lang='lat' dir='ltr'>tamen</span> <span class='ocrx_word' id='word_1_43' title='bbox 605 641 709 692; x_wconf 88' lang='lat' dir='ltr'>hoc</span> <span class='ocrx_word' id='word_1_44' title='bbox 747 639 958 691; x_wconf 89' lang='lat' dir='ltr'>tardata</span> <span class='ocrx_word' id='word_1_45' title='bbox 1001 638 1208 691; x_wconf 74' lang='lat' dir='ltr'>Celes·</span> <span class='ocrx_word' id='word_1_46' title='bbox 1234 638 1560 692; x_wconf 78' lang='lat' dir='ltr'>Accenditur</span> <span class='ocrx_word' id='word_1_47' title='bbox 1598 640 1744 692; x_wconf 88' lang='lat' dir='ltr'>ultro</span> 
     </span>
     <span class='ocr_line' id='line_1_8' title="bbox 111 713 1389 787; baseline -0.004 -18"><span class='ocrx_word' id='word_1_48' title='bbox 111 716 417 787; x_wconf 83' lang='lat' dir='ltr'>Relligione</span> <span class='ocrx_word' id='word_1_49' title='bbox 456 715 562 767; x_wconf 91' lang='grc'><strong>1001</strong></span> <span class='ocrx_word' id='word_1_50' title='bbox 601 714 885 781; x_wconf 81' lang='lat' dir='ltr'>vibratque</span> <span class='ocrx_word' id='word_1_51' title='bbox 923 713 1121 765; x_wconf 85' lang='lat' dir='ltr'>infesta</span> <span class='ocrx_word' id='word_1_52' title='bbox 1162 713 1389 765; x_wconf 90' lang='lat' dir='ltr'>securim</span> 
     </span>
     <span class='ocr_line' id='line_1_9' title="bbox 110 786 1514 859; baseline -0.004 -16"><span class='ocrx_word' id='word_1_53' title='bbox 110 789 297 859; x_wconf 93' lang='lat' dir='ltr'>Ipsum</span> <span class='ocrx_word' id='word_1_54' title='bbox 337 790 499 842; x_wconf 89' lang='lat' dir='ltr'>etiam</span> <span class='ocrx_word' id='word_1_55' title='bbox 538 788 760 840; x_wconf 85' lang='lat' dir='ltr'>feritura</span> <span class='ocrx_word' id='word_1_56' title='bbox 799 786 1006 839; x_wconf 83' lang='lat' dir='ltr'>Iovem:</span> <span class='ocrx_word' id='word_1_57' title='bbox 1049 787 1316 839; x_wconf 76' lang='lat' dir='ltr'>succidere</span> <span class='ocrx_word' id='word_1_58' title='bbox 1355 787 1514 856; x_wconf 84' lang='lat' dir='ltr'>pinus</span> 
     </span>
     <span class='ocr_line' id='line_1_10' title="bbox 109 861 1805 935; baseline -0.001 -19"><span class='ocrx_word' id='word_1_59' title='bbox 109 863 222 916; x_wconf 89' lang='lat' dir='ltr'>Aut</span> <span class='ocrx_word' id='word_1_60' title='bbox 260 864 434 935; x_wconf 84' lang='lat' dir='ltr'>magis</span> <span class='ocrx_word' id='word_1_61' title='bbox 474 862 668 915; x_wconf 90' lang='lat' dir='ltr'>enodes</span> <span class='ocrx_word' id='word_1_62' title='bbox 709 861 920 913; x_wconf 89' lang='lat' dir='ltr'>dubitat</span> <span class='ocrx_word' id='word_1_63' title='bbox 958 865 1296 930; x_wconf 78' lang='lat' dir='ltr'>prosterneie</span> <span class='ocrx_word' id='word_1_64' title='bbox 1338 862 1521 913; x_wconf 88' lang='lat' dir='ltr'>cedros</span> <span class='ocrx_word' id='word_1_65' title='bbox 1718 875 1805 914; x_wconf 84' lang='lat'>360</span> 
     </span>
     <span class='ocr_line' id='line_1_11' title="bbox 108 935 1546 1007; baseline -0.002 -17"><span class='ocrx_word' id='word_1_66' title='bbox 108 937 480 1007; x_wconf 82' lang='lat' dir='ltr'>Exploratque</span> <span class='ocrx_word' id='word_1_67' title='bbox 518 936 726 988; x_wconf 91' lang='lat' dir='ltr'>habiles</span> <span class='ocrx_word' id='word_1_68' title='bbox 765 939 987 987; x_wconf 88' lang='lat' dir='ltr'>truncos</span> <span class='ocrx_word' id='word_1_69' title='bbox 1026 935 1264 1003; x_wconf 90' lang='lat' dir='ltr'>rectique</span> <span class='ocrx_word' id='word_1_70' title='bbox 1303 939 1546 987; x_wconf 81' lang='lat' dir='ltr'>tenoiem</span> 
     </span>
     <span class='ocr_line' id='line_1_12' title="bbox 111 1009 1401 1080; baseline -0.002 -16"><span class='ocrx_word' id='word_1_71' title='bbox 111 1010 325 1080; x_wconf 88' lang='lat' dir='ltr'>Stipitis</span> <span class='ocrx_word' id='word_1_72' title='bbox 365 1015 418 1063; x_wconf 92' lang='lat' dir='ltr'>et</span> <span class='ocrx_word' id='word_1_73' title='bbox 459 1014 603 1063; x_wconf 88' lang='lat' dir='ltr'>certo</span> <span class='ocrx_word' id='word_1_74' title='bbox 641 1013 969 1079; x_wconf 84' lang='lat' dir='ltr'>pertemptat</span> <span class='ocrx_word' id='word_1_75' title='bbox 1007 1009 1226 1061; x_wconf 90' lang='lat' dir='ltr'>brachia</span> <span class='ocrx_word' id='word_1_76' title='bbox 1264 1010 1401 1062; x_wconf 89' lang='lat' dir='ltr'>nisu.</span> 
     </span>
     <span class='ocr_line' id='line_1_13' title="bbox 112 1084 1632 1155; baseline -0.002 -17"><span class='ocrx_word' id='word_1_77' title='bbox 112 1084 221 1154; x_wconf 83' lang='lat' dir='ltr'>Sic,</span> <span class='ocrx_word' id='word_1_78' title='bbox 263 1085 357 1154; x_wconf 91' lang='lat' dir='ltr'>qui</span> <span class='ocrx_word' id='word_1_79' title='bbox 394 1088 646 1138; x_wconf 83' lang='lat' dir='ltr'>vecturus</span> <span class='ocrx_word' id='word_1_80' title='bbox 686 1084 985 1155; x_wconf 86' lang='lat' dir='ltr'>longinqua</span> <span class='ocrx_word' id='word_1_81' title='bbox 1023 1102 1119 1152; x_wconf 91' lang='lat' dir='ltr'>per</span> <span class='ocrx_word' id='word_1_82' title='bbox 1159 1102 1390 1152; x_wconf 90' lang='lat' dir='ltr'>aequora</span> <span class='ocrx_word' id='word_1_83' title='bbox 1430 1102 1632 1136; x_wconf 86' lang='lat' dir='ltr'>merces</span> 
     </span>
     <span class='ocr_line' id='line_1_14' title="bbox 109 1158 1378 1226; baseline -0.002 -14"><span class='ocrx_word' id='word_1_84' title='bbox 109 1159 336 1212; x_wconf 87' lang='lat' dir='ltr'>Molitur</span> <span class='ocrx_word' id='word_1_85' title='bbox 373 1159 566 1211; x_wconf 90' lang='lat' dir='ltr'>tellure</span> <span class='ocrx_word' id='word_1_86' title='bbox 605 1162 776 1210; x_wconf 90' lang='lat' dir='ltr'>ratem</span> <span class='ocrx_word' id='word_1_87' title='bbox 815 1158 1087 1226; x_wconf 84' lang='lat' dir='ltr'>vitamque</span> <span class='ocrx_word' id='word_1_88' title='bbox 1126 1158 1378 1226; x_wconf 88' lang='lat' dir='ltr'>procellis</span> 
     </span>
     <span class='ocr_line' id='line_1_15' title="bbox 111 1232 1803 1303; baseline -0.001 -17"><span class='ocrx_word' id='word_1_89' title='bbox 111 1232 393 1286; x_wconf 87' lang='lat' dir='ltr'>Obiectare</span> <span class='ocrx_word' id='word_1_90' title='bbox 431 1236 610 1302; x_wconf 79' lang='lat' dir='ltr'>parat,</span> <span class='ocrx_word' id='word_1_91' title='bbox 649 1233 805 1303; x_wconf 81' lang='lat' dir='ltr'>fagos</span> <span class='ocrx_word' id='word_1_92' title='bbox 843 1232 1065 1284; x_wconf 83' lang='lat' dir='ltr'>metitur</span> <span class='ocrx_word' id='word_1_93' title='bbox 1105 1236 1157 1283; x_wconf 89' lang='lat' dir='ltr'>et</span> <span class='ocrx_word' id='word_1_94' title='bbox 1198 1232 1350 1283; x_wconf 90' lang='lat' dir='ltr'>alnos</span> <span class='ocrx_word' id='word_1_95' title='bbox 1717 1246 1803 1285; x_wconf 76' lang='lat'>365</span> 
     </span>
     <span class='ocr_line' id='line_1_16' title="bbox 112 1306 1514 1360; baseline -0.002 0"><span class='ocrx_word' id='word_1_96' title='bbox 112 1307 186 1359; x_wconf 89' lang='lat' dir='ltr'>Et</span> <span class='ocrx_word' id='word_1_97' title='bbox 225 1307 435 1360; x_wconf 87' lang='lat' dir='ltr'>varium</span> <span class='ocrx_word' id='word_1_98' title='bbox 473 1307 698 1358; x_wconf 89' lang='lat' dir='ltr'>rudibus</span> <span class='ocrx_word' id='word_1_99' title='bbox 740 1306 889 1357; x_wconf 83' lang='lat' dir='ltr'>silvis</span> <span class='ocrx_word' id='word_1_100' title='bbox 930 1306 1296 1358; x_wconf 87' lang='lat' dir='ltr'>accommodat</span> <span class='ocrx_word' id='word_1_101' title='bbox 1335 1324 1514 1357; x_wconf 87' lang='lat' dir='ltr'>usum:</span> 
     </span>
     <span class='ocr_line' id='line_1_17' title="bbox 111 1379 1618 1452; baseline -0.001 -19"><span class='ocrx_word' id='word_1_102' title='bbox 111 1381 256 1444; x_wconf 82' lang='lat' dir='ltr'>Quae</span> <span class='ocrx_word' id='word_1_103' title='bbox 296 1381 460 1452; x_wconf 86' lang='lat' dir='ltr'>longa</span> <span class='ocrx_word' id='word_1_104' title='bbox 501 1384 605 1450; x_wconf 72' lang='lat' dir='ltr'>est,</span> <span class='ocrx_word' id='word_1_105' title='bbox 643 1379 864 1432; x_wconf 88' lang='lat' dir='ltr'>tumidis</span> <span class='ocrx_word' id='word_1_106' title='bbox 904 1380 1183 1448; x_wconf 86' lang='lat' dir='ltr'>praebebit</span> <span class='ocrx_word' id='word_1_107' title='bbox 1224 1398 1422 1432; x_wconf 90' lang='lat' dir='ltr'>cornua</span> <span class='ocrx_word' id='word_1_108' title='bbox 1461 1379 1618 1450; x_wconf 79' lang='lat' dir='ltr'>velis3</span> 
     </span>
     <span class='ocr_line' id='line_1_18' title="bbox 110 1454 1536 1524; baseline -0.001 -17"><span class='ocrx_word' id='word_1_109' title='bbox 110 1454 256 1517; x_wconf 86' lang='lat' dir='ltr'>Quae</span> <span class='ocrx_word' id='word_1_110' title='bbox 295 1455 477 1524; x_wconf 79' lang='lat' dir='ltr'>fortiS‚</span> <span class='ocrx_word' id='word_1_111' title='bbox 519 1455 669 1506; x_wconf 81' lang='lat' dir='ltr'>clavo</span> <span class='ocrx_word' id='word_1_112' title='bbox 709 1454 912 1524; x_wconf 90' lang='lat' dir='ltr'>potior·</span> <span class='ocrx_word' id='word_1_113' title='bbox 953 1472 1087 1522; x_wconf 88' lang='lat' dir='ltr'>quae</span> <span class='ocrx_word' id='word_1_114' title='bbox 1125 1454 1293 1523; x_wconf 73' lang='lat' dir='ltr'>lenta,</span> <span class='ocrx_word' id='word_1_115' title='bbox 1334 1454 1536 1506; x_wconf 82' lang='lat' dir='ltr'>favebit</span> 
     </span>
     <span class='ocr_line' id='line_1_19' title="bbox 107 1528 1385 1600; baseline -0.002 -18"><span class='ocrx_word' id='word_1_116' title='bbox 107 1529 380 1600; x_wconf 80' lang='lat' dir='ltr'>Remigio3</span> <span class='ocrx_word' id='word_1_117' title='bbox 421 1528 600 1599; x_wconf 82' lang='lat' dir='ltr'>stagni</span> <span class='ocrx_word' id='word_1_118' title='bbox 638 1529 849 1596; x_wconf 88' lang='lat' dir='ltr'>patiens</span> <span class='ocrx_word' id='word_1_119' title='bbox 890 1528 1121 1596; x_wconf 90' lang='lat' dir='ltr'>aptanda</span> <span class='ocrx_word' id='word_1_120' title='bbox 1163 1528 1385 1580; x_wconf 76' lang='lat' dir='ltr'>carinae.</span> 
     </span>
    </p>

    <p class='ocr_par' dir='ltr' id='par_1_4' title="bbox 105 1602 1804 2412">
     <span class='ocr_line' id='line_1_20' title="bbox 219 1602 1804 1673; baseline 0.001 -19"><span class='ocrx_word' id='word_1_121' title='bbox 219 1603 506 1655; x_wconf 84' lang='lat' dir='ltr'>Tollebant</span> <span class='ocrx_word' id='word_1_122' title='bbox 545 1602 788 1673; x_wconf 83' lang='lat' dir='ltr'>geminae</span> <span class='ocrx_word' id='word_1_123' title='bbox 830 1602 1004 1670; x_wconf 88' lang='lat' dir='ltr'>capita</span> <span class='ocrx_word' id='word_1_124' title='bbox 1044 1602 1303 1654; x_wconf 80' lang='lat' dir='ltr'>inviolata</span> <span class='ocrx_word' id='word_1_125' title='bbox 1344 1620 1627 1670; x_wconf 88' lang='lat' dir='ltr'>cupressus</span> <span class='ocrx_word' id='word_1_126' title='bbox 1718 1616 1770 1655; x_wconf 71' lang='grc'>37</span> <span class='ocrx_word' id='word_1_127' title='bbox 1777 1616 1804 1655; x_wconf 89' lang='lat'>0</span> 
     </span>
     <span class='ocr_line' id='line_1_21' title="bbox 110 1674 1399 1746; baseline -0.002 -17"><span class='ocrx_word' id='word_1_128' title='bbox 110 1676 356 1746; x_wconf 84' lang='lat' dir='ltr'>Caespite</span> <span class='ocrx_word' id='word_1_129' title='bbox 394 1676 594 1728; x_wconf 83' lang='lat' dir='ltr'>vicino:</span> <span class='ocrx_word' id='word_1_130' title='bbox 637 1676 821 1744; x_wconf 89' lang='lat' dir='ltr'>quales</span> <span class='ocrx_word' id='word_1_131' title='bbox 859 1694 971 1727; x_wconf 92' lang='lat' dir='ltr'>non</span> <span class='ocrx_word' id='word_1_132' title='bbox 1009 1676 1235 1744; x_wconf 85' lang='lat' dir='ltr'>rupibus</span> <span class='ocrx_word' id='word_1_133' title='bbox 1274 1674 1399 1727; x_wconf 90' lang='lat' dir='ltr'>Idae</span> 
     </span>
     <span class='ocr_line' id='line_1_22' title="bbox 106 1749 1331 1820; baseline -0.002 -17"><span class='ocrx_word' id='word_1_134' title='bbox 106 1751 338 1803; x_wconf 86' lang='lat' dir='ltr'>Miratur</span> <span class='ocrx_word' id='word_1_135' title='bbox 377 1750 597 1820; x_wconf 81' lang='lat' dir='ltr'>Simois7</span> <span class='ocrx_word' id='word_1_136' title='bbox 639 1750 823 1818; x_wconf 89' lang='lat' dir='ltr'>quales</span> <span class='ocrx_word' id='word_1_137' title='bbox 860 1768 973 1802; x_wconf 91' lang='lat' dir='ltr'>non</span> <span class='ocrx_word' id='word_1_138' title='bbox 1012 1749 1174 1802; x_wconf 81' lang='lat' dir='ltr'>divite</span> <span class='ocrx_word' id='word_1_139' title='bbox 1215 1750 1331 1819; x_wconf 93' lang='lat' dir='ltr'>ripa</span> 
     </span>
     <span class='ocr_line' id='line_1_23' title="bbox 105 1823 1471 1893; baseline -0.001 -16"><span class='ocrx_word' id='word_1_140' title='bbox 105 1824 323 1878; x_wconf 89' lang='lat' dir='ltr'>Lambit</span> <span class='ocrx_word' id='word_1_141' title='bbox 361 1823 637 1893; x_wconf 83' lang='lat' dir='ltr'>Apollinei</span> <span class='ocrx_word' id='word_1_142' title='bbox 673 1823 909 1876; x_wconf 86' lang='lat' dir='ltr'>nemoris</span> <span class='ocrx_word' id='word_1_143' title='bbox 947 1825 1186 1876; x_wconf 89' lang='lat' dir='ltr'>nutritor</span> <span class='ocrx_word' id='word_1_144' title='bbox 1226 1823 1471 1876; x_wconf 76' lang='lat' dir='ltr'>Orontes,</span> 
     </span>
     <span class='ocr_line' id='line_1_24' title="bbox 110 1898 1475 1968; baseline -0.002 -16"><span class='ocrx_word' id='word_1_145' title='bbox 110 1899 403 1953; x_wconf 81' lang='lat' dir='ltr'>Germanas</span> <span class='ocrx_word' id='word_1_146' title='bbox 444 1899 574 1950; x_wconf 92' lang='lat' dir='ltr'>adeo</span> <span class='ocrx_word' id='word_1_147' title='bbox 616 1898 821 1968; x_wconf 83' lang='lat' dir='ltr'>credas3</span> <span class='ocrx_word' id='word_1_148' title='bbox 863 1898 940 1950; x_wconf 89' lang='lat' dir='ltr'>sic</span> <span class='ocrx_word' id='word_1_149' title='bbox 979 1898 1251 1950; x_wconf 82' lang='lat' dir='ltr'>frontibus</span> <span class='ocrx_word' id='word_1_150' title='bbox 1292 1898 1475 1966; x_wconf 86' lang='lat' dir='ltr'>aequis</span> 
     </span>
     <span class='ocr_line' id='line_1_25' title="bbox 106 1942 1802 2040; baseline -0.001 -14"><span class='ocrx_word' id='word_1_151' title='bbox 106 1972 342 2026; x_wconf 87' lang='lat' dir='ltr'>Adstant</span> <span class='ocrx_word' id='word_1_152' title='bbox 383 1976 435 2024; x_wconf 89' lang='lat' dir='ltr'>et</span> <span class='ocrx_word' id='word_1_153' title='bbox 476 1972 622 2024; x_wconf 89' lang='grc'><strong>30010</strong></span> <span class='ocrx_word' id='word_1_154' title='bbox 663 1942 973 2040; x_wconf 90' lang='lat' dir='ltr'>despectant</span> <span class='ocrx_word' id='word_1_155' title='bbox 1012 1972 1210 2024; x_wconf 85' lang='lat' dir='ltr'>vertice</span> <span class='ocrx_word' id='word_1_156' title='bbox 1248 1973 1802 2026; x_wconf 73' lang='grc' dir='ltr'><strong>1110111113ῖό</strong></span> 
     </span>
     <span class='ocr_line' id='line_1_26' title="bbox 106 2046 1535 2116; baseline -0.001 -16"><span class='ocrx_word' id='word_1_157' title='bbox 106 2047 224 2100; x_wconf 91' lang='lat' dir='ltr'>Hae</span> <span class='ocrx_word' id='word_1_158' title='bbox 262 2047 511 2116; x_wconf 88' lang='lat' dir='ltr'>placuere</span> <span class='ocrx_word' id='word_1_159' title='bbox 550 2047 707 2098; x_wconf 80' lang='lat' dir='ltr'>faces</span> <span class='ocrx_word' id='word_1_160' title='bbox 769 2046 967 2098; x_wconf 82' lang='lat' dir='ltr'>Pernix</span> <span class='ocrx_word' id='word_1_161' title='bbox 1005 2046 1211 2098; x_wconf 76' lang='lat' dir='ltr'>invadit</span> <span class='ocrx_word' id='word_1_162' title='bbox 1250 2049 1535 2114; x_wconf 90' lang='lat' dir='ltr'>utramque</span> 
     </span>
     <span class='ocr_line' id='line_1_27' title="bbox 110 2120 1489 2190; baseline -0.002 -16"><span class='ocrx_word' id='word_1_163' title='bbox 110 2121 298 2175; x_wconf 83' lang='lat' dir='ltr'>Cincta</span> <span class='ocrx_word' id='word_1_164' title='bbox 338 2121 510 2190; x_wconf 87' lang='grc'><strong>3111113,</strong></span> <span class='ocrx_word' id='word_1_165' title='bbox 551 2124 732 2172; x_wconf 81' lang='lat' dir='ltr'>exerta</span> <span class='ocrx_word' id='word_1_166' title='bbox 770 2139 983 2189; x_wconf 89' lang='grc'><strong>111311113,</strong></span> <span class='ocrx_word' id='word_1_167' title='bbox 1024 2124 1228 2172; x_wconf 78' lang='lat' dir='ltr'>aimata</span> <span class='ocrx_word' id='word_1_168' title='bbox 1268 2120 1489 2188; x_wconf 90' lang='lat' dir='ltr'>bipenni</span> 
     </span>
     <span class='ocr_line' id='line_1_28' title="bbox 107 2195 1479 2263; baseline -0.002 -15"><span class='ocrx_word' id='word_1_169' title='bbox 107 2195 467 2263; x_wconf 89' lang='lat' dir='ltr'>Alternasque</span> <span class='ocrx_word' id='word_1_170' title='bbox 506 2195 632 2246; x_wconf 81' lang='lat' dir='ltr'>ferit</span> <span class='ocrx_word' id='word_1_171' title='bbox 671 2195 910 2262; x_wconf 89' lang='lat' dir='ltr'>totisque</span> <span class='ocrx_word' id='word_1_172' title='bbox 951 2195 1147 2246; x_wconf 83' lang='lat' dir='ltr'>obnixa</span> <span class='ocrx_word' id='word_1_173' title='bbox 1187 2198 1479 2246; x_wconf 91' lang='lat' dir='ltr'>trementes</span> 
     </span>
     <span class='ocr_line' id='line_1_29' title="bbox 106 2268 1386 2338; baseline -0.002 -17"><span class='ocrx_word' id='word_1_174' title='bbox 106 2269 330 2322; x_wconf 88' lang='lat' dir='ltr'>Viribus</span> <span class='ocrx_word' id='word_1_175' title='bbox 370 2269 617 2338; x_wconf 90' lang='lat' dir='ltr'>impellit.</span> <span class='ocrx_word' id='word_1_176' title='bbox 677 2269 889 2321; x_wconf 76' lang='lat' dir='ltr'>Pariter</span> <span class='ocrx_word' id='word_1_177' title='bbox 927 2272 1136 2321; x_wconf 79' lang='lat' dir='ltr'>traxere</span> <span class='ocrx_word' id='word_1_178' title='bbox 1176 2268 1386 2320; x_wconf 80' lang='lat' dir='ltr'>ruinam</span> 
     </span>
     <span class='ocr_line' id='line_1_30' title="bbox 107 2342 1802 2412; baseline 0 -16"><span class='ocrx_word' id='word_1_179' title='bbox 107 2344 181 2396; x_wconf 86' lang='lat' dir='ltr'>Et</span> <span class='ocrx_word' id='word_1_180' title='bbox 219 2343 423 2412; x_wconf 91' lang='lat' dir='ltr'>pariter</span> <span class='ocrx_word' id='word_1_181' title='bbox 461 2361 687 2411; x_wconf 90' lang='lat' dir='ltr'>posuere</span> <span class='ocrx_word' id='word_1_182' title='bbox 728 2362 908 2395; x_wconf 88' lang='lat' dir='ltr'>comas</span> <span class='ocrx_word' id='word_1_183' title='bbox 949 2361 1242 2412; x_wconf 85' lang='lat' dir='ltr'>campoque</span> <span class='ocrx_word' id='word_1_184' title='bbox 1282 2342 1623 2412; x_wconf 79' lang='lat' dir='ltr'>recumbunt7</span> <span class='ocrx_word' id='word_1_185' title='bbox 1715 2356 1802 2396; x_wconf 81' lang='lat'>380</span> 
     </span>
    </p>
   </div>
   <div class='ocr_carea' id='block_1_3' title="bbox 4 2416 1749 2487">
    <p class='ocr_par' dir='ltr' id='par_1_5' title="bbox 4 2416 1749 2487">
     <span class='ocr_line' id='line_1_31' title="bbox 4 2416 1749 2487; baseline -0.002 -16"><span class='ocrx_word' id='word_1_186' title='bbox 4 2447 16 2459; x_wconf 92' lang='lat'>··</span> <span class='ocrx_word' id='word_1_187' title='bbox 105 2417 415 2470; x_wconf 88' lang='lat' dir='ltr'>Faunorum</span> <span class='ocrx_word' id='word_1_188' title='bbox 453 2417 836 2486; x_wconf 80' lang='lat' dir='ltr'>Dryadumque</span> <span class='ocrx_word' id='word_1_189' title='bbox 878 2417 1043 2469; x_wconf 94' lang='lat' dir='ltr'>dolor.</span> <span class='ocrx_word' id='word_1_190' title='bbox 1111 2416 1500 2485; x_wconf 91' lang='lat' dir='ltr'>Complectitur</span> <span class='ocrx_word' id='word_1_191' title='bbox 1539 2416 1749 2487; x_wconf 75' lang='lat' dir='ltr'>ambaS‚</span> 
     </span>
    </p>
   </div>
   <div class='ocr_carea' id='block_1_4' title="bbox 105 2491 1802 3005">
    <p class='ocr_par' dir='ltr' id='par_1_6' title="bbox 108 2491 1433 2561">
     <span class='ocr_line' id='line_1_32' title="bbox 108 2491 1433 2561; baseline -0.002 -16"><span class='ocrx_word' id='word_1_192' title='bbox 108 2491 258 2545; x_wconf 84' lang='lat' dir='ltr'>Sicut</span> <span class='ocrx_word' id='word_1_193' title='bbox 299 2494 450 2544; x_wconf 90' lang='lat' dir='ltr'>erant</span> <span class='ocrx_word' id='word_1_194' title='bbox 459 2535 473 2561; x_wconf 93' lang='grc'><strong>,</strong></span> <span class='ocrx_word' id='word_1_195' title='bbox 513 2492 725 2560; x_wconf 87' lang='lat' dir='ltr'>alteque</span> <span class='ocrx_word' id='word_1_196' title='bbox 764 2492 908 2543; x_wconf 81' lang='lat' dir='ltr'>levat</span> <span class='ocrx_word' id='word_1_197' title='bbox 948 2495 1198 2559; x_wconf 89' lang='lat' dir='ltr'>retroque</span> <span class='ocrx_word' id='word_1_198' title='bbox 1240 2491 1433 2543; x_wconf 89' lang='lat' dir='ltr'>solutis</span> 
     </span>
    </p>

    <p class='ocr_par' dir='ltr' id='par_1_7' title="bbox 109 2565 1355 2637">
     <span class='ocr_line' id='line_1_33' title="bbox 109 2565 1355 2637; baseline -0.002 -19"><span class='ocrx_word' id='word_1_199' title='bbox 109 2565 361 2619; x_wconf 87' lang='lat' dir='ltr'>Crinibus</span> <span class='ocrx_word' id='word_1_200' title='bbox 400 2566 638 2618; x_wconf 87' lang='lat' dir='ltr'>ascendit</span> <span class='ocrx_word' id='word_1_201' title='bbox 677 2566 895 2637; x_wconf 83' lang='lat' dir='ltr'>fastigia</span> <span class='ocrx_word' id='word_1_202' title='bbox 935 2566 1135 2617; x_wconf 88' lang='lat' dir='ltr'>montis</span> <span class='ocrx_word' id='word_1_203' title='bbox 1177 2565 1355 2632; x_wconf 89' lang='lat' dir='ltr'>anheli</span> 
     </span>
    </p>

    <p class='ocr_par' dir='ltr' id='par_1_8' title="bbox 105 2639 1363 2708">
     <span class='ocr_line' id='line_1_34' title="bbox 105 2639 1363 2708; baseline -0.001 -17"><span class='ocrx_word' id='word_1_204' title='bbox 105 2639 488 2708; x_wconf 84' lang='lat' dir='ltr'>Exuperatque</span> <span class='ocrx_word' id='word_1_205' title='bbox 528 2643 707 2692; x_wconf 91' lang='lat' dir='ltr'>aestus</span> <span class='ocrx_word' id='word_1_206' title='bbox 747 2644 799 2692; x_wconf 90' lang='lat' dir='ltr'>et</span> <span class='ocrx_word' id='word_1_207' title='bbox 837 2640 976 2692; x_wconf 89' lang='lat' dir='ltr'>nulli</span> <span class='ocrx_word' id='word_1_208' title='bbox 1013 2640 1195 2708; x_wconf 86' lang='lat' dir='ltr'>pervia</span> <span class='ocrx_word' id='word_1_209' title='bbox 1237 2657 1363 2690; x_wconf 79' lang='lat' dir='ltr'>saxa</span> 
     </span>
    </p>

    <p class='ocr_par' dir='ltr' id='par_1_9' title="bbox 107 2713 1802 2856">
     <span class='ocr_line' id='line_1_35' title="bbox 107 2713 1802 2785; baseline 0 -19"><span class='ocrx_word' id='word_1_210' title='bbox 107 2713 289 2782; x_wconf 90' lang='lat' dir='ltr'>Atque</span> <span class='ocrx_word' id='word_1_211' title='bbox 328 2713 673 2784; x_wconf 81' lang='lat' dir='ltr'>indignantes</span> <span class='ocrx_word' id='word_1_212' title='bbox 712 2714 943 2785; x_wconf 82' lang='lat' dir='ltr'>vestigia</span> <span class='ocrx_word' id='word_1_213' title='bbox 984 2715 1153 2766; x_wconf 87' lang='lat' dir='ltr'>calcat</span> <span class='ocrx_word' id='word_1_214' title='bbox 1191 2713 1441 2766; x_wconf 89' lang='lat' dir='ltr'>harenas:</span> <span class='ocrx_word' id='word_1_215' title='bbox 1713 2726 1802 2767; x_wconf 74' lang='lat'>385</span> 
     </span>
     <span class='ocr_line' id='line_1_36' title="bbox 109 2787 1455 2856; baseline -0.001 -16"><span class='ocrx_word' id='word_1_216' title='bbox 109 2787 294 2850; x_wconf 84' lang='lat' dir='ltr'>Qualis</span> <span class='ocrx_word' id='word_1_217' title='bbox 334 2788 617 2856; x_wconf 85' lang='lat' dir='ltr'>pestiferas</span> <span class='ocrx_word' id='word_1_218' title='bbox 659 2789 893 2840; x_wconf 88' lang='lat' dir='ltr'>animare</span> <span class='ocrx_word' id='word_1_219' title='bbox 934 2788 999 2840; x_wconf 90' lang='lat' dir='ltr'>ad</span> <span class='ocrx_word' id='word_1_220' title='bbox 1040 2788 1260 2840; x_wconf 84' lang='lat' dir='ltr'>crimina</span> <span class='ocrx_word' id='word_1_221' title='bbox 1299 2791 1455 2840; x_wconf 87' lang='lat' dir='ltr'>taxos</span> 
     </span>
    </p>

    <p class='ocr_par' dir='ltr' id='par_1_10' title="bbox 106 2861 1577 2932">
     <span class='ocr_line' id='line_1_37' title="bbox 106 2861 1577 2932; baseline 0.001 -18"><span class='ocrx_word' id='word_1_222' title='bbox 106 2861 282 2914; x_wconf 84' lang='lat' dir='ltr'>Torva</span> <span class='ocrx_word' id='word_1_223' title='bbox 320 2861 570 2932; x_wconf 85' lang='lat' dir='ltr'>Megaera</span> <span class='ocrx_word' id='word_1_224' title='bbox 608 2863 741 2932; x_wconf 77' lang='lat' dir='ltr'>ruit,</span> <span class='ocrx_word' id='word_1_225' title='bbox 784 2862 968 2915; x_wconf 86' lang='lat' dir='ltr'>Cadmi</span> <span class='ocrx_word' id='word_1_226' title='bbox 1009 2881 1101 2914; x_wconf 88' lang='lat' dir='ltr'>seu</span> <span class='ocrx_word' id='word_1_227' title='bbox 1140 2861 1351 2914; x_wconf 89' lang='lat' dir='ltr'>moenia</span> <span class='ocrx_word' id='word_1_228' title='bbox 1389 2866 1577 2931; x_wconf 88' lang='lat' dir='ltr'>poscat</span> 
     </span>
    </p>

    <p class='ocr_par' dir='ltr' id='par_1_11' title="bbox 107 2934 1382 3005">
     <span class='ocr_line' id='line_1_38' title="bbox 107 2934 1382 3005; baseline -0.001 -16"><span class='ocrx_word' id='word_1_229' title='bbox 107 2934 230 2990; x_wconf 82' lang='lat' dir='ltr'>Sive</span> <span class='ocrx_word' id='word_1_230' title='bbox 270 2935 552 3004; x_wconf 86' lang='lat' dir='ltr'>Thyesteis</span> <span class='ocrx_word' id='word_1_231' title='bbox 590 2940 841 3005; x_wconf 89' lang='lat' dir='ltr'>properet</span> <span class='ocrx_word' id='word_1_232' title='bbox 882 2937 1082 2989; x_wconf 80' lang='lat' dir='ltr'>saevire</span> <span class='ocrx_word' id='word_1_233' title='bbox 1122 2935 1382 3005; x_wconf 86' lang='lat' dir='ltr'>Mycenis:</span> 
     </span>
    </p>
   </div>
  </div>
 </body>
</html>
