2085 3215
187 143 255 195 72
737 141 980 187 CLAVDH
1013 141 1343 187 CLAVDIANI

178 278 450 347 Principis
491 282 544 331 et
583 278 846 330 famulum
886 279 1138 350 dignatur
1177 278 1325 349 regia
1362 281 1584 346 patrem.

183 352 505 422 PosteritaS‚
546 352 767 405 admitte
807 352 992 405 fidem:
1031 355 1379 405 monumenta
1417 355 1676 420 petuntur
1829 366 1887 405 τί)

184 426 473 479 Dedecoris
512 427 804 495 multisque
844 431 1066 498 gemunt
1104 427 1388 479 incudibus
1429 444 1551 478 aera

185 500 505 553 Formatura
543 501 709 553 nefas
772 501 934 554 ‘Haec
973 501 1187 570 iudicis⁷
1226 501 1321 552 illa
1359 501 1561 570 togati,

185 574 331 626 Haec
369 574 508 627 nitet
549 575 742 627 armati
782 576 1006 645 species3
1043 593 1362 627 numerosus
1402 574 1602 642 ubique

185 649 383 719 Fulget
424 667 607 718 eques:
646 650 882 718 praefert
923 649 1152 701 eunuchi
1194 649 1339 701 curia
1378 649 1575 701 Vultus,

186 723 266 775 Ac
306 723 474 776 veluti
516 728 737 776 caveant
775 743 842 776 ne
885 742 989 792 quo
1033 723 1323 775 consistere
1363 723 1536 775 virtus
1831 736 1886 775 75

185 797 369 850 Possit
406 816 541 866 pura
580 798 723 867 loco,
763 802 982 851 cunctas
1021 797 1123 850 hoc
1165 815 1254 850 ore
1294 797 1545 850 laborant

187 870 457 924 Ine-estare
497 872 626 925 vias
705 872 959 924 Maneant
997 872 1203 924 inmota
1241 889 1521 940 precamur

191 945 454 1014 Certaque
493 947 738 1015 perpetui
780 946 888 998 sint
928 950 1252 1017 argumenta
1284 945 1518 1014 pudoris
1560 980 1565 996 -.

190 1020 387 1072 Subter
427 1021 707 1072 adulantes
746 1021 895 1073 tituli
931 1021 1234 1088 nimiaeque
1277 1021 1533 1090 leg1mtur

114 1102 117 1103 ’
188 1093 293 1146 Vel
331 1095 571 1146 maribus
611 1095 816 1147 laudes:
859 1095 1002 1147 claro
1045 1095 1188 1162 quod
1225 1094 1425 1146 nobilis
1467 1098 1590 1145 ortu
1833 1107 1893 1146 80

191 1167 352 1237 (Cum
391 1168 577 1220 vivant
618 1168 881 1240 dominil),
922 1169 1064 1236 quod
1102 1169 1335 1220 maxima
1373 1167 1580 1236 proelia
1619 1167 1768 1219 solus

189 1241 420 1310 Impleat
462 1241 539 1313 (et
577 1243 784 1311 patitur
822 1241 1048 1313 miles!)‚
1090 1243 1233 1310 quod
1271 1242 1465 1295 tertius
1503 1241 1655 1293 urbis

195 1316 454 1368 Conditor
495 1315 621 1387 (hoc
661 1316 835 1385 Byzas
879 1316 1371 1385 Constantinusque
1411 1314 1726 1386 videbantl).

191 1389 339 1442 lnter
380 1409 513 1459 quae
554 1391 792 1443 tumidus
831 1391 953 1443 leno
993 1390 1284 1459 producere
1325 1409 1482 1442 cenas

192 1463 257 1516 In
295 1465 491 1534 lucem,
531 1465 731 1517 foetere
770 1483 939 1532 mero,
981 1465 1284 1535 dispergere
1322 1465 1572 1533 plausum
1836 1476 1894 1517 85

193 1538 488 1607 Empturas
527 1539 585 1591 in
622 1539 819 1609 vulgus
861 1557 1010 1607 opes⁷
1049 1543 1303 1607 totosque
1342 1538 1570 1591 theatris

194 1611 479 1683 Indulgere
520 1613 653 1682 dies,
694 1613 855 1665 alieni
893 1613 1152 1683 prodigus
1193 1613 1322 1665 auri.

196 1685 271 1738 At
312 1705 464 1738 soror
505 1691 579 1756 et,
620 1687 665 1738 si
707 1687 834 1754 quid
872 1687 1140 1755 portentis
1181 1687 1435 1755 creditur,
1474 1704 1610 1738 uxor

195 1759 470 1812 Mulcebat
508 1764 707 1812 matres
749 1761 920 1828 epulis
962 1765 1013 1812 et
1053 1779 1200 1812 more
1239 1760 1461 1828 pudicae

199 1833 457 1905 Coniugis
498 1834 728 1887 eunuchi
768 1835 1072 1887 celebrabat
1111 1839 1237 1886 vota
1281 1834 1475 1886 mariti.
1837 1849 1896 1887 90

198 1907 352 1960 Hanc
393 1913 560 1978 amat,
599 1909 738 1960 hanc
779 1928 985 1960 summa
1026 1909 1087 1960 de
1128 1927 1183 1960 re
1223 1909 1308 1960 vel
1347 1926 1476 1976 pace
1515 1908 1601 1960 vel
1640 1909 1802 1961 armis

201 1981 447 2035 Consulit
457 2026 469 2052 ⁷
509 1983 635 2035 huic
675 2001 828 2051 curas
869 1987 922 2035 et
963 1983 1142 2034 clausa
1181 1983 1383 2051 palatia
1421 1982 1640 2034 mandat

202 2055 310 2108 Ceu
351 2057 625 2109 stabulum
664 2075 992 2125 vacuamque
1033 2057 1263 2109 domum.
1343 2055 1431 2109 Sic
1468 2075 1664 2127 magna
1703 2057 1843 2109 tueri

199 2130 387 2201 Regna
425 2130 564 2183 nihil
602 2132 919 2200 patiensque
958 2131 1073 2201 iugi
1114 2131 1383 2183 deluditur
1423 2131 1606 2182 orbis?
1836 2198 1841 2202 ·

310 2204 497 2257 Mitior
537 2205 804 2257 alternum
843 2204 1075 2274 Zephyri
1113 2205 1221 2256 iam
1260 2205 1450 2256 bruma
1488 2208 1729 2273 teporem
1839 2217 1898 2258 95

202 2279 452 2332 Senserat
493 2283 545 2331 et
583 2280 743 2348 primi
782 2279 1038 2331 laxabant
1078 2279 1319 2349 germina
1357 2279 1540 2348 fioreS‚

200 2352 420 2421 Iamque
459 2354 562 2405 iter
599 2354 658 2404 in
697 2354 901 2423 gremio
940 2354 1088 2421 pacis
1129 2353 1386 2404 sollemne
1424 2352 1688 2420 parabant

201 2426 286 2478 Ad
324 2445 528 2497 murOS,
568 2426 806 2496 Ancyra,
846 2432 970 2479 tuos
981 2471 993 2496 ,
1035 2431 1249 2479 auctore
1290 2430 1560 2494 repertum

200 2500 490 2570 Eutropi0‚
529 2501 707 2572 pelagi
745 2520 812 2553 ne
851 2501 1027 2553 taedia
1066 2502 1229 2570 longa
1270 2500 1533 2568 subirent,

204 2573 306 2625 Sed
345 2593 481 2645 vaga
519 2575 735 2627 lascivis
774 2576 962 2626 flueret
1003 2574 1332 2626 discursibus
1371 2577 1569 2626 aestas:
1815 2588 1902 2627 100

202 2647 355 2699 Vnde
394 2653 575 2701 tamen
613 2653 766 2701 tanta
807 2649 1062 2700 sublimes
1101 2649 1242 2700 mole
1281 2648 1547 2716 redibant,

205 2720 314 2773 Ceu
353 2722 563 2774 vinctos
602 2723 878 2775 traherent
916 2721 1103 2783 Medos
1142 2720 1439 2789 Indumque
1480 2721 1759 2773 bibissent.

203 2795 343 2847 Ecce
386 2800 563 2848 autem
602 2798 756 2849 flavis
798 2795 1061 2848 Gradivus
1102 2796 1168 2847 ab
1208 2814 1377 2863 usque
1419 2794 1638 2847 Gelonis

203 2868 349 2920 Arva
390 2874 667 2922 cruentato
708 2870 984 2939 repetebat
1024 2869 1250 2921 Thracia
1290 2887 1470 2921 curru:

206 2942 503 2995 Subsidunt
542 2943 789 3014 Pangaea
830 2944 965 2996 rotis
1005 2944 1250 3011 altaeque
1291 2961 1486 2995 sonoro
1816 2954 1901 2995 105
