2044 3220
225 122 405 180 (XXII.)
430 121 511 165 DE
538 119 784 166 CONSVL.
814 117 1187 164 STILICHONIS
1212 119 1394 163 LIBER
1419 119 1748 164 SECVNDVS.
1810 119 1916 172 153

227 257 380 322 Quod
418 257 552 310 libet
593 254 926 323 obsequeris7
964 272 1060 306 nec
1102 258 1287 307 contra
1326 256 1486 307 nixus
1528 258 1777 307 ovantem

225 331 548 402 Confringas
588 330 847 397 animum3
889 332 1091 380 secreto
1134 347 1367 381 consona
1408 347 1574 400 regno

224 405 333 459 Ceu
371 406 618 458 iuvenem
657 403 870 471 doceaS‚
909 402 1080 454 moles
1122 403 1249 471 quid
1287 404 1503 471 publica
1543 407 1752 472 poscat:
1862 418 1918 457 70

225 480 333 533 Ceu
375 483 619 532 sanctum
656 494 905 529 venerere
947 494 1126 528 senem
1165 478 1461 545 patriisque
1502 477 1768 548 gubernes

221 553 512 623 Imperium
548 551 793 620 monitis3
834 550 1110 602 dominum
1151 551 1468 602 summissus
1510 551 1719 621 adoreS‚

223 627 509 697 Obsequiis
547 625 820 678 moderere
861 624 1070 694 ducem,
1110 624 1310 693 pietate
1350 628 1640 693 parentem.

221 702 363 755 Hinc
403 701 507 754 fuit
545 703 606 752 ut
644 699 847 768 primos
885 699 945 751 in
984 699 1209 769 coniuge
1251 699 1477 751 disceret
1516 699 1668 770 ignes

223 775 504 844 Ordirique
542 774 718 826 virum
755 791 867 825 non
905 773 1212 825 luxiuiante
1252 773 1493 842 iuventa,
1863 787 1922 827 75

224 849 327 903 Sed
367 868 487 902 cum
527 849 645 919 lege
685 848 814 917 tori,
857 851 1004 899 casto
1047 865 1167 899 cum
1207 847 1418 899 foedere
1457 847 1633 899 vellet.

220 924 468 993 Principe
508 926 570 975 tu
608 922 739 974 felix
780 939 998 992 genero:
1039 921 1248 973 felicior
1285 922 1378 973 ille

220 997 293 1050 Te
335 1016 532 1050 socero,

617 1070 862 1123 Fratrem
902 1070 1072 1122 levior
1109 1087 1205 1121 nec
1249 1087 1374 1121 cura
1414 1072 1597 1122 tuetur

222 1145 535 1215 Arcadium3
574 1163 694 1214 nec7
736 1145 780 1196 si
822 1144 950 1213 quid
987 1145 1130 1196 iners
1171 1147 1330 1211 atque
1370 1144 1535 1212 impia
1574 1143 1734 1196 turba

219 1219 581 1273 Praetendens
620 1219 839 1287 proprio
878 1237 1077 1270 nomen
1115 1219 1294 1288 regale
1330 1218 1502 1269 furori
1862 1232 1919 1271 80

221 1293 456 1364 Audeat,
497 1293 758 1345 adscribis
796 1293 989 1344 iuveni.
1053 1291 1336 1344 Discordia
1377 1292 1572 1360 quippe

225 1367 359 1421 Cum
399 1368 675 1436 fremeret,
713 1385 1008 1434 numquam
1050 1365 1277 1418 Stilicho
1320 1366 1396 1417 sic
1436 1366 1652 1418 canduit
1690 1366 1770 1418 ira
1780 1409 1793 1436 ,

223 1442 389 1511 Saepe
430 1442 714 1494 lacessitus
753 1441 968 1509 probris
1008 1440 1309 1511 gladiisque
1348 1440 1577 1509 petitus,

219 1516 297 1569 Vt
335 1516 480 1568 bello
518 1515 710 1567 Furias
748 1515 948 1584 ultum,
990 1533 1122 1583 quas
1161 1513 1408 1583 pertulit,
1447 1514 1550 1566 iret

221 1589 437 1643 Inlicito
480 1607 800 1657 causamque
842 1588 990 1640 daret
1032 1588 1280 1640 civilibus
1321 1588 1504 1639 armis:
1863 1601 1919 1641 85

224 1665 388 1718 Cuius
427 1664 566 1716 fulta
607 1663 709 1715 fide
748 1662 938 1714 mediis
979 1662 1310 1714 dissensibus
1350 1662 1502 1714 aulae

221 1738 671 1792 Intemeratorum
712 1737 892 1789 stabat
930 1736 1227 1789 reverentia
1266 1736 1509 1788 fratrum.

224 1813 365 1876 Quin
404 1817 456 1865 et
497 1812 745 1865 Sidonias
785 1811 1092 1880 chlamydes
1134 1814 1186 1863 et
1227 1810 1441 1881 cingula
1481 1810 1628 1862 bacis

222 1887 429 1956 Aspera
469 1890 870 1957 gemmatasque
910 1889 1068 1956 togas
1107 1885 1409 1953 viridesque
1451 1884 1733 1955 smaragdo

221 1961 442 2014 Loricas
481 1960 662 2031 galeas
667 1977 768 2028 que
807 1960 1166 2011 redundantes
1209 1958 1517 2027 hyacinthis
1864 1972 1922 2012 90

226 2035 584 2119 Gestatosque
624 2033 767 2102 patri
808 2034 1012 2102 capulis
1051 2032 1387 2085 radiantibus
1428 2051 1580 2084 enses

223 2110 297 2163 Et
336 2109 484 2162 vario
524 2108 763 2177 lapidum
803 2107 1086 2159 distinctas
1125 2107 1249 2177 igne
1291 2124 1516 2158 coronas

223 2183 434 2238 Dividis
474 2202 538 2235 ex
579 2200 771 2250 aequo:
809 2200 876 2233 ne
914 2200 1026 2233 non
1066 2183 1295 2251 augusta
1337 2180 1577 2248 supellex

226 2257 566 2327 Ornatusque
606 2274 761 2325 pares
802 2256 1030 2326 geminis
1069 2254 1355 2306 heredibus
1396 2257 1587 2305 essent.

225 2333 466 2385 Mittitur
507 2335 559 2383 et
598 2330 776 2399 1111163,
817 2330 1060 2397 quamvis
1102 2328 1388 2380 certamine
1427 2331 1608 2410 partes
1864 2341 1921 2382 95

224 2406 339 2460 Iam
378 2409 635 2459 tumeant
698 2403 929 2456 Hostem
967 2403 1166 2456 muniri
1205 2402 1398 2454 roboie
1437 2401 1607 2453 mavis

227 2481 397 2545 Quam
436 2498 653 2550 peccare
693 2478 873 2530 fidem:
913 2478 1183 2547 permittis
1222 2477 1365 2528 iusta
1404 2475 1609 2544 petenti

225 2555 392 2624 quue
431 2573 598 2626 negas
639 2554 831 2622 solum,
871 2553 1022 2605 cuius
1061 2570 1187 2604 mox
1226 2552 1341 2619 ipse
1379 2549 1595 2633 repulsa

230 2628 471 2682 Gaudeat
511 2633 563 2681 et
604 2596 866 2697 quidquid
904 2626 1079 2678 fuerat
1119 2625 1354 2677 deforme
1393 2624 1597 2676 mereri.

345 2702 543 2756 Omnes
582 2706 872 2771 praeterea,
911 2719 1046 2769 puro
1089 2717 1223 2768 quae
1265 2697 1487 2750 crimina
1525 2698 1736 2766 pellunt
1839 2712 1925 2752 100

230 2775 354 2846 Ore,
395 2777 520 2829 deae
559 2777 778 2829 iunxere
819 2775 1012 2827 choros
1051 2791 1265 2841 unoque
1305 2775 1549 2841 receptae

227 2850 452 2903 Pectore
493 2850 730 2903 diversos
769 2853 948 2901 tecum
988 2848 1278 2919 cinguntur
1315 2847 1373 2898 in
1411 2864 1555 2899 usus,

227 2923 445 2976 Iustitia
482 2924 710 2976 utilibus
749 2926 955 2976 rectum
993 2938 1319 2992 praeponere
1361 2920 1547 2973 suadet
