2029 3230
508 93 978 140 ADNOTATIONES
1012 95 1302 140 CRITICAE.
1606 96 1758 141 XXIII

180 227 377 269 ornatus
410 227 494 282 est,
527 225 837 281 persequaris,
869 226 1033 269 vitium
1068 227 1186 272 illud
1217 227 1485 272 traditionis
1520 241 1748 284 agnoscas

177 298 370 328 necesse
404 287 486 328 est.
542 284 735 327 tertium
768 286 892 327 enim
929 286 1055 340 quod
1095 286 1267 330 dicitur
1307 287 1669 344 comparationis
1701 287 1750 331 in

177 343 333 386 verbis
364 344 464 388 Illa
489 348 628 399 pavet
657 345 870 399 strepitus
896 379 904 387 .
925 380 932 387 .
955 381 962 388 .
985 381 992 388 .
1020 350 1059 388 et
1091 348 1210 389 tanti
1242 348 1440 391 miratur
1462 348 1598 391 sibila
1622 348 1750 404 vulyc'

175 401 381 459 positum
399 415 498 446 esse
516 402 619 457 quis
635 415 730 444 non
746 402 998 445 concedet?
1041 403 1297 448 desiderari
1314 419 1424 461 ergo
1442 407 1489 448 in
1506 419 1643 448 versu
1661 410 1748 448 393

177 474 338 504 vocem
369 461 515 504 talem
547 460 734 515 qualem
768 460 1008 504 ‘clamore’
1044 461 1092 504 in
1125 463 1372 518 propatulo
1407 467 1498 518 est,
1540 464 1586 507 id
1623 464 1748 520 quod

176 519 453 562 confirmant
482 534 523 563 v.
551 523 638 562 384
656 533 722 574 sq.
766 520 909 563 verba
946 533 1034 564 vox
1073 521 1262 577 desuper
1301 524 1459 579 ingens
1498 525 1750 575 infremuit.

175 579 333 633 itaque
367 578 427 621 ad
459 578 775 622 coniecturam
807 578 1028 634 delegati,
1063 582 1174 634 quin
1205 580 1358 635 Ieepio
1393 581 1748 637 adsentiremur,

179 638 333 680 facere
365 650 458 680 non
488 636 741 692 potuimus.

53 699 142 739 525
176 697 429 753 ipsumque]
456 695 630 761 Bittius
654 695 912 751 proposuit,
936 702 1225 753 nostrmnque
1251 697 1399 753 codd,
1426 699 1549 752 quod
1577 713 1636 741 an
1653 699 1752 742 iure

175 754 543 810 repudiaverim,
592 769 713 797 nunc
746 754 925 799 dubitO.
989 755 1044 799 cf.
1081 756 1204 799 enim
1237 756 1375 813 Rapt.
1409 756 1430 798 Ι
1456 761 1509 799 27
1529 771 1595 812 sq.
1635 758 1751 802 Pro-

172 815 359 870 serpina
385 849 393 858 .
415 850 422 858 .
442 815 647 870 possedit
678 815 828 858 dotale
864 814 1022 858 Chaos.

595 991 675 1043 De
714 991 867 1044 Bello
911 990 1207 1046 Gildonieo.

82 1111 141 1151 54
174 1107 365 1166 alerent]
387 1121 468 1174 sc.
502 1106 654 1162 Libya
684 1107 927 1163 Nilusque.
991 1108 1167 1152 Birtius
1209 1123 1351 1164 quare
1391 1111 1555 1154 alerem
1593 1124 1649 1154 ex
1680 1110 1750 1154 P¹

80 1229 139 1269 57

173 1166 272 1209 solo
304 1168 546 1223 reclperet,
578 1180 673 1210 non
705 1166 820 1209 satis
854 1167 1128 1210 declaravit.

171 1226 416 1284 Pharium]
467 1225 742 1268 Skutschius
791 1226 992 1269 contulit
1032 1226 1148 1270 Stat.
1189 1226 1332 1270 Theb.
1369 1227 1433 1270 111
1468 1232 1573 1271 222:
1622 1230 1750 1285 (haec

83 1292 90 1301 ⁴
169 1285 320 1341 navis)
345 1287 503 1341 prima
533 1284 802 1329 Dicarcheis
834 1286 1060 1330 Pharium
1089 1288 1245 1343 yrcwz's
1276 1287 1438 1330 intulit
1469 1302 1656 1332 annum.

82 1346 257 1387 59—62
291 1343 562 1399 interpunxi
594 1343 711 1387 duce
743 1343 1042 1388 Mommseno.

80 1406 138 1445 69
165 1403 363 1460 praeda]
393 1404 568 1458 praedo
592 1402 662 1446 Bi.
697 1416 753 1445 ex
776 1403 882 1459 ΠΒ,
917 1417 1031 1457 quos
1056 1405 1202 1446 testes
1227 1402 1421 1447 minoris
1446 1403 1591 1459 pretii
1616 1405 1748 1460 sequi

170 1460 315 1504 nolui.
363 1464 568 1505 ceterum
592 1461 712 1504 bene
736 1461 841 1517 ipsa
864 1463 1040 1518 praeda
1065 1462 1237 1505 dicitur
1261 1462 1311 1505 id
1331 1461 1594 1520 reliquisse,
1621 1464 1748 1519 quod

175 1533 232 1563 ex
261 1520 439 1575 praeda
470 1519 687 1563 relictum
720 1522 804 1564 est.

81 1582 138 1622 88
158 1593 224 1634 sq.
259 1580 385 1623 bellis
418 1614 426 1623 .
455 1614 464 1623 .
492 1615 499 1623 .
535 1580 746 1636 ayebant]
797 1580 907 1624 bello
956 1592 1242 1634 quamquam
1287 1579 1374 1623 VP
1422 1581 1748 1625 commendare

78 1818 135 1857 91

52 1936 138 1976 130

51 2289 136 2329 183

168 1639 378 1693 possunt,
410 1639 602 1694 propter
628 1652 874 1681 numerum
897 1638 1129 1693 pluralem
1153 1640 1302 1683 clades
1327 1640 1376 1682 et
1398 1642 1582 1684 saecula
1605 1640 1748 1684 reieci

171 1695 429 1752 eademque
462 1696 519 1740 de
550 1710 694 1740 causa
724 1699 885 1754 ayebat
916 1697 1149 1753 displicet,
1182 1699 1460 1754 praesertim
1492 1713 1596 1742 cum
1628 1700 1746 1744 haec

171 1754 314 1799 lectio
346 1770 439 1799 non
470 1754 562 1799 nisi
594 1755 726 1799 libris
758 1758 854 1799 HA
886 1758 1124 1800 debeatur.

169 1814 436 1873 Syphacem]
470 1815 526 1858 de
559 1814 697 1857 huius
729 1815 931 1859 nominis
964 1829 1181 1859 mensura
1212 1815 1407 1859 insolita
1439 1816 1496 1862 cf.
1524 1830 1644 1872 quae
1670 1830 1747 1860 ex-

169 1873 332 1929 posuit
362 1873 601 1929 proximus
634 1874 787 1917 editor
817 1874 867 1917 in
897 1874 1043 1930 praef.
1077 1890 1121 1930 p.
1148 1874 1297 1919 CCXI.

173 1932 330 1990 Cybele
361 1933 497 1990 sicco]
530 1932 651 1975 hunc
684 1933 929 1977 verborum
963 1933 1174 1976 ordinem
1207 1934 1490 1978 confidenter
1528 1949 1632 1978 oum
1666 1950 1746 1992 op-

169 1989 298 2033 timis
331 1990 414 2034 VC
448 1991 648 2037 retineo:
695 1992 821 2046 quod
853 1991 979 2035 enim
1010 1992 1080 2036 Bi.
1114 1992 1164 2035 in
1194 1993 1479 2048 reliquorum
1517 1993 1744 2038 librorum

172 2049 404 2105 scriptura
433 2051 550 2094 sicco
585 2050 742 2108 Cybele
774 2052 923 2106 magis
964 2054 1149 2107 gratam
1189 2054 1329 2106 atque
1368 2052 1605 2108 poetieam
1645 2066 1746 2097 esse

170 2108 292 2151 dixit
329 2108 576 2152 verborum
616 2109 986 2153 conlocationem
1030 2110 1104 2163 (cf.
1137 2125 1182 2166 p.
1210 2109 1392 2166 CXIV),
1441 2125 1536 2155 non
1576 2112 1746 2155 summi

169 2167 397 2210 momenti
444 2170 533 2216 est:
591 2170 799 2211 ceterum
846 2168 1131 2225 oppositioni
1185 2169 1499 2213 membrorum
1546 2184 1745 2216 nec-nec

168 2225 432 2282 particulae
462 2226 712 2271 sufficiunt.

168 2286 391 2343 redolens]
426 2285 614 2342 scripsi,
657 2287 859 2330 redolent
890 2286 1023 2330 codd.
1079 2287 1245 2331 mixtos
1275 2288 1477 2331 redolent
1507 2293 1745 2345 unyzlenta

170 2358 350 2389 cruores
373 2344 575 2389 coniecit
591 2343 676 2401 Bi.‚
703 2346 827 2400 quod
852 2359 958 2389 mea
974 2345 1163 2401 quidem
1182 2346 1418 2389 sententia
1434 2347 1745 2390 recusandum

172 2405 256 2447 est.
314 2402 380 2447 sic
413 2403 537 2447 enim
568 2404 715 2448 totius
747 2404 841 2448 loci
884 2403 1271 2461 compositionem
1312 2404 1560 2461 intellego:
1602 2408 1746 2462 poeta

170 2463 422 2518 postquam
455 2477 640 2507 saevam
673 2463 1000 2508 crudelitatem
1035 2463 1186 2506 Mauri
1219 2463 1334 2507 satis
1368 2464 1600 2520 depinxit,
1634 2465 1743 2510 inde

170 2534 199 2564 a
231 2535 365 2564 versu
399 2526 482 2566 182
515 2522 894 2578 turpissimarum
924 2522 1197 2577 libidinum,
1231 2536 1346 2577 quas
1381 2521 1518 2567 Gildo
1552 2523 1745 2580 eiusque

171 2581 425 2624 sectatores
450 2581 741 2637 exercebant,
767 2582 1053 2625 mentionem
1078 2581 1208 2625 facit.
1257 2580 1416 2641 itaque
1442 2598 1483 2626 v.
1505 2586 1588 2626 183
1614 2583 1742 2627 vocis

173 2639 451 2695 ‘sanguinis'
496 2640 571 2684 vel
606 2641 818 2685 ‘cruoris’
858 2640 1077 2696 repetitio
1117 2654 1267 2696 neque
1307 2641 1402 2684 ullo
1442 2641 1581 2686 modo
1624 2642 1743 2686 desi-

171 2697 362 2741 deratur
392 2712 543 2754 neque
568 2699 756 2743 omnino
783 2702 949 2756 optata
974 2699 1179 2751 videtum
1213 2713 1323 2743 nam
1350 2699 1399 2743 in
1422 2700 1746 2756 praecedenti-

171 2756 258 2799 bus
290 2757 578 2813 amplissime
611 2758 668 2802 de
702 2758 1068 2815 sanguinolenta
1107 2758 1308 2803 saevitia
1340 2758 1552 2803 Gildonis
1592 2762 1745 2803 trans-

170 2816 330 2858 actum
362 2818 446 2860 est.
501 2817 598 2861 iam
629 2831 738 2861 vero
772 2832 875 2862 cum
910 2831 1026 2872 quae
1068 2817 1125 2860 de
1155 2831 1276 2861 novo
1320 2831 1490 2874 genere
1529 2818 1742 2862 libidinis

168 2888 292 2917 nunc
332 2874 532 2920 dicenda
571 2878 699 2932 sunt,
744 2877 955 2921 versibus
981 2881 1182 2932 184sqq.
1216 2877 1439 2933 explicari
1479 2878 1743 2935 adpareret,
