2044 3220
195 102 303 154 314
731 100 974 145 CLAVDH
1006 101 1335 147 CLAVDIAM
1400 90 1403 93 ’

731 312 1334 371 EPIGRAMMATA.

907 454 939 497 1.
975 453 1151 510 (LXV.)

290 543 477 596 Ἵλαθί
512 564 602 613 μοι
644 547 770 613 φίλε
814 547 1004 612 Φοῖβε·
1046 547 1114 597 σὺ
1155 547 1257 614 γαρ
1298 545 1407 597 θοι),
1447 544 1574 608 τόξα
1613 547 1876 599 τιταίνων

194 617 432 686 ἐβλήθης
471 617 590 670 ποτ’
612 617 854 686 ’Ἑρωτος
891 617 984 670 ὑπ’
1021 618 1392 687 ὠκυπόροισιν
1432 618 1649 682 ὀιστοῖς.

878 777 932 822 11.
969 778 1191 833 (LXVII.)

189 885 303 945 Είς
351 884 591 935 δοῦλόν
640 903 784 935 τινα
832 882 1168 951 τυφθέντα
1213 881 1356 951 παρ’
1401 883 1602 935 αὐτοῦ
1651 883 1756 935 διὰ
1802 884 1871 936 τὸ

416 958 493 1024 μὴ
537 956 877 1008 ἐπιδοῦναι
919 956 1179 1009 σέλλιον
1221 957 1284 1009 έν
1326 956 1646 1026 ἀκροάσει.

285 1057 491 1126 ’Έδρην
530 1061 885 1126 χαλκεόπεζον
927 1058 1012 1111 ἐπὶ
1050 1060 1359 1128 προθύροις
1391 1057 1681 1122 Ἑλικῶνος

188 1134 418 1199 εἱστήκει
459 1132 720 1199 θεράπων
760 1151 841 1194 τις
879 1129 1016 1201 ὑπὲρ
1056 1134 1254 1184 νώτοιο
1294 1134 1584 1201 μεμαρπὼς

187 1204 308 1258 οὐδ’
347 1208 535 1258 ἔθελεν
576 1204 829 1274 μογέοντι
868 1215 1060 1274 πορεῖν
1101 1205 1406 1275 ἐπίβαθρον
1447 1206 1658 1274 ἀοιδῆς·

189 1280 421 1332 τοῦνεκά
461 1299 560 1347 μευ
601 1278 851 1347 θώρηξεν
893 1281 979 1332 ι’ὸν
1017 1280 1318 1348 πολύμητις
1358 1279 1581 1347 ἀνάγκη.

873 1438 949 1482 111.
987 1438 1185 1495 (vam

246 1546 360 1605 Εἰς
398 1543 642 1612 μιμάδα
682 1543 1060 1612 γηράσασαν
1099 1542 1204 1596 καὶ
1243 1542 1813 1613 καλλωπιζομένην

187 1618 387 1684 ἤγουν
421 1616 860 1685 ἀλειφομένην
892 1618 964 1669 τὰ
996 1626 1122 1669 τῶν
1153 1626 1483 1684 γυναικῶν
1507 1618 1872 1685 μαγγανεύ-

939 1710 1115 1758 ματα.

295 1793 527 1861 ΜῙαχλάς
568 1793 980 1861 εὐκροτάλοισιν
1020 1792 1357 1857 ἀνευάζουσα
1396 1795 1635 1862 χορείαις

184 1868 375 1933 δίζυγα
414 1865 803 1934 παλλομένοισι
842 1866 1132 1935 τινάγμασι
1171 1868 1375 1935 χαλκὸν
1414 1867 1662 1937 ἀράσσει,

182 1949 278 2008 τῆς
317 1937 416 2008 μὲν
455 1938 812 1992 ὑποκλέπτων
849 1941 1048 2007 πολιὴν
1087 1944 1244 2009 τρίχα
1284 1943 1502 2008 γείτονα
1540 1942 1763 2011 Μοίρης

182 2013 469 2082 ἠλεμάτοις
507 2013 686 2066 ἀκτῖσι
726 2013 1051 2083 χαράσσεται
1092 2016 1332 2083 ὄμματος
1369 2015 1535 2084 αὔρη,

182 2088 528 2156 ψευδόμενον
568 2085 620 2139 δ’
657 2086 909 2157 ἐρύθημα
946 2087 1288 2157 κατέγραφεν
1327 2089 1525 2158 ἄχροος
1565 2087 1734 2150 αἰδώς
1839 2101 1865 2140 5

184 2160 380 2231 ἀγλαΐῃ
422 2159 664 2223 στέψασα
703 2164 848 2230 νόθῃ
887 2161 1264 2230 κεκαλυμμένα
1302 2166 1460 2230 μῆλα.

874 2319 946 2365 Ν.
981 2320 1179 2376 (LXIII.)

360 2427 474 2487 Εἰς
513 2426 921 2495 κρύσταλλον
961 2426 1152 2478 ἔνδον
1190 2426 1364 2496 ὕδωρ
1406 2428 1694 2494 ἔχουσαν.

292 2527 488 2595 Χιονεή
529 2529 867 2597 κρύσταλλος
904 2526 999 2580 ὑπ’
1035 2527 1229 2597 ἀνέρος
1269 2528 1570 2596 ἀσκηθεῖσα

181 2600 354 2664 δεῖξεν
395 2601 712 2670 ἀκηρασίοιο
752 2605 1055 2654 παναίολον
1094 2603 1278 2654 εἰκόνα
1316 2604 1548 2670 κόσμου,

181 2675 423 2744 οὐρανὸν
463 2674 630 2741 ἀγκὰς
669 2678 861 2742 ἔχοντα
899 2677 1253 2745 βαρύκτυπον
1292 2675 1486 2728 ἔνδοθι
1524 2677 1744 2728 πόντον.

296 2834 316 2877 Ι
357 2839 380 2876 ‘2
421 2831 550 2890 ποτ’]
586 2834 791 2889 Bestius,-
830 2832 930 2878 ὑπ’.
1052 2834 1094 2878 Π
1135 2839 1156 2878 1
1199 2833 1525 2891 χαλκεόπεζον]
1566 2834 1857 2889 ΒναηοῙίίιιες

180 2890 503 2950 χαλκεόπεζαν.

2017 3115 2044 3220 m.
2022 2839 2044 3103 ..muna-mvffq
2031 2775 2044 2816 nn
2032 2739 2044 2752 a
