2044 3220
198 131 303 183 188
743 127 987 172 CLAVDII
1019 126 1353 172 CLAVDIANI

194 265 297 317 His
339 265 517 335 6111116,
560 265 653 333 qui
693 264 867 316 lustra
905 264 1039 317 mihi
1078 263 1164 316 bis
1206 263 1339 316 dena
1378 266 1672 334 recensent,

194 339 399 393 Nostra
431 343 514 391 ter
552 338 836 410 Augustos
876 338 1020 391 intra
1058 338 1297 407 pomeria
1336 337 1463 407 vidi,

197 414 554 482 Temporibus
595 413 784 483 variis3
825 413 1008 465 eadem
1049 413 1141 464 sed
1182 430 1341 464 causa
1379 412 1590 480 tropaei

198 487 386 540 Civilis
428 487 702 540 dissensus
743 457 871 540 eiat.
948 487 1157 539 Venere
1198 486 1438 556 superbi
1811 500 1897 541 395
1996 504 2001 513 ¹

197 561 417 616 Scilicet
456 565 518 614 ut
556 562 715 614 Latio
756 580 1030 631 respersos
1073 560 1333 631 sanguine
1374 578 1562 612 currus

195 635 567 706 Adspicerem!
626 635 992 704 Quisquamne
1031 636 1151 704 piae
1191 634 1440 687 laetanda
1478 635 1691 703 parenti

195 710 467 764 Natorum
505 711 741 763 lamenta
778 710 970 779 putet?
1021 710 1224 778 periere
1264 709 1497 778 tyranni,

197 784 302 838 Sed
338 785 499 837 nobis
538 785 745 854 periere
783 788 978 837 tamen.
1059 783 1194 836 Cum
1235 782 1441 836 Gallica
1480 783 1646 855 vulgo

194 859 410 912 Proelia
448 859 700 929 iactaret,
738 859 910 911 tacuit
948 858 1261 910 Pharsalica
1303 857 1512 911 Caesar.
1813 873 1902 914 400

195 933 445 1002 Namque
486 934 628 986 inter
669 934 841 986 socias
883 933 1021 985 acies
1063 936 1399 1004 cognataque
1442 933 1596 1004 signa

195 1007 273 1060 Vt
312 1009 454 1061 vinci
493 1008 772 1077 miserum,
809 1026 1106 1076 numquam
1144 1007 1337 1059 vicisse
1378 1007 1646 1064 decorum.

196 1082 475 1135 Restituat
514 1082 752 1151 priscum
791 1101 886 1150 per
926 1086 979 1133 te
1019 1082 1128 1134 iam
1167 1082 1343 1153 gloria
1382 1100 1587 1133 morem

198 1157 415 1226 Verior,
464 1160 516 1208 et
556 1157 794 1208 fructum
835 1156 1071 1208 sincerae
1110 1156 1284 1208 laudis
1327 1155 1393 1207 ab
1432 1155 1590 1208 hoste

196 1231 496 1284 Desuetum
533 1231 642 1282 iam
682 1230 840 1282 redde
879 1230 1013 1282 mihi
1051 1231 1318 1298 iustisque
1358 1230 1558 1282 furoris
1814 1244 1901 1285 405

197 1306 426 1358 Externi
469 1305 660 1374 spoliis
702 1308 884 1357 sontes
925 1304 1145 1357 absolve
1184 1304 1505 1373 triumphos,

313 1379 533 1450 ρ(9116111,
571 1397 784 1449 precor,
824 1379 891 1431 ad
929 1380 1092 1431 finem
1131 1378 1339 1431 laribus
1380 1379 1621 1432 seiuncta
1659 1382 1904 1448 potestas

197 1455 402 1508 Exulat
441 1454 834 1523 imperiumque
876 1453 987 1505 suis
1027 1472 1057 1505 a
1098 1453 1314 1505 sedibus
1355 1453 1539 1505 errat?

201 1529 308 1582 Cur
346 1547 465 1581 mea
505 1547 641 1597 quae
681 1527 890 1580 cunctis
928 1528 1167 1580 tribuere
1205 1528 1408 1596 palatia
1445 1546 1644 1580 nomen

197 1603 463 1674 Neglecto
506 1602 756 1671 squalent
797 1601 985 1654 senio?
1033 1620 1133 1654 nec
1174 1602 1409 1654 creditur
1450 1602 1598 1654 orbis
1817 1617 1903 1656 410

198 1677 357 1730 Illinc
396 1695 555 1746 posse
595 1676 747 1746 regi?
824 1675 1061 1727 Medium
1099 1694 1212 1727 non
1252 1676 1448 1727 deserit
1487 1694 1745 1744 umquam

202 1751 348 1805 Caeli
385 1751 640 1803 Phoebus
678 1750 808 1819 iter,
848 1750 1012 1801 radiis
1052 1754 1235 1802 tamen
1275 1750 1454 1802 omnia
1493 1749 1706 1803 lustrat.

200 1825 432 1897 Segnius
472 1844 541 1877 an
578 1827 785 1877 veteres
824 1823 1075 1876 Histrum
1113 1824 1470 1892 Rhenumque
1508 1825 1782 1896 tenebant,

202 1900 305 1964 Qui
343 1903 587 1952 nostram
629 1899 839 1951 coluere
881 1898 1134 1950 domum?
1174 1898 1411 1950 leviusve
1450 1898 1716 1952 timebant

203 1975 386 2046 Tigris
419 1978 472 2026 et
503 1973 829 2043 Euphrates7
871 1991 991 2025 cum
1023 1972 1238 2024 foedera
1269 1972 1458 2025 Medus
1500 1977 1552 2024 et
1584 1971 1750 2026 Indus
1816 1987 1903 2027 415

201 2049 346 2101 Hinc
384 2051 591 2117 peteret
630 2065 923 2116 pacemque
962 2065 1080 2099 mea
1121 2050 1359 2115 speraret
1400 2047 1467 2098 ab
1509 2048 1665 2100 arce?

199 2123 305 2176 Hic
342 2123 425 2175 illi
465 2140 709 2175 mansere
748 2121 853 2174 viri
863 2165 876 2191 ,
917 2139 1053 2189 quos
1092 2124 1281 2173 mutua
1319 2121 1493 2173 virtus

198 2197 360 2269 Legit
401 2200 452 2249 et
493 2197 551 2248 in
588 2214 786 2248 nomen
824 2195 1085 2248 Romanis
1125 2195 1286 2247 rebus
1327 2195 1590 2264 adoptans

199 2271 404 2324 Iudicio
443 2271 726 2340 pulchram
767 2270 979 2340 seriem,
1016 2288 1129 2322 non
1168 2270 1429 2341 sanguine
1469 2270 1643 2340 duxit3

199 2346 305 2398 Hic
342 2346 522 2414 proles
563 2349 781 2397 atavum
821 2344 1084 2396 deducens
1123 2342 1279 2396 Aelia
1316 2343 1553 2398 Nervam
1815 2357 1902 2398 420

201 2419 608 2488 Tranquillique
646 2419 731 2471 Pii
769 2418 1167 2486 bellatoresque
1208 2417 1402 2471 Severi.

201 2494 361 2546 Hunc
403 2495 533 2546 civis
574 2494 795 2564 dignare
837 2492 1060 2544 chorum
1100 2495 1492 2560 conspectaque
1532 2491 1732 2544 dudum

205 2567 310 2620 Ora
350 2568 490 2620 refer
502 2612 514 2637 ,
553 2585 808 2637 pompam
846 2566 1088 2618 recolens
1126 2570 1189 2618 ut
1228 2569 1406 2618 mente
1444 2566 1693 2636 priorem,

205 2641 374 2704 Quem
413 2646 597 2694 tenero
637 2641 808 2710 patris
850 2640 1100 2692 comitem
1141 2643 1448 2709 susceperat
1487 2658 1634 2711 66170,
1814 2654 1902 2694 424

200 2715 360 2769 Nunc
400 2715 530 2767 duce
571 2734 692 2768 cum
732 2733 916 2768 socero
954 2715 1201 2767 iuvenem
1239 2718 1293 2767 te
1332 2714 1568 2784 Thybris
1607 2714 1827 2768 adoret.'

317 2787 571 2841 Orantem
611 2790 785 2842 medio
824 2789 1073 2858 prinecps
1115 2807 1357 2842 sermone
1395 2788 1618 2841 refovit:

202 2862 541 2931 ‘Numquam
581 2863 785 2931 aliquid
824 2864 1026 2915 frustra
1064 2881 1160 2932 per
1198 2882 1283 2915 me
1320 2863 1557 2915 voluisse
1598 2862 1820 2933 dolebis,

205 2936 249 2990 Ο
291 2937 409 3008 dea,
446 2955 544 2989 nec
584 2937 766 3007 legum
806 2938 889 2990 fas
931 2940 1011 2989 est
1053 2955 1328 2989 occurrere
1367 2937 1542 2989 matri.
