2044 3220
111 136 215 188 122
656 135 899 180 CLAVDII
930 135 1262 181 CLAVDIANI

107 270 252 333 Quae
290 274 421 323 nota
458 271 787 341 nimborum3
828 289 963 339 quae
1001 271 1149 324 fraus
1190 271 1354 324 infida
1395 273 1588 341 sereni3
1709 286 1796 326 425

106 344 245 407 Quid
285 345 366 397 sol
407 345 657 397 occiduus
697 345 912 415 prodat3
953 364 1058 414 quo
1100 346 1279 398 saucia
1318 350 1477 398 vento

103 418 337 471 Decolor
375 418 543 471 iratos
584 419 801 471 attollat
844 418 1076 487 Cynthia
1115 420 1312 472 vultus,

103 491 336 561 Adspice
370 511 535 562 nunc,
576 511 910 562 quacumque
949 494 1114 546 micas
1125 537 1137 563 ⁷
1179 512 1271 546 seu
1312 493 1542 546 circulus
1585 493 1798 564 Austri,

103 566 300 637 Magne
339 585 555 637 parens⁷
595 567 758 638 gelidi
799 585 893 620 seu
931 571 985 619 te
1024 586 1263 620 meruere
1303 567 1548 638 TrioneS‚

104 639 360 709 Adspice:
404 641 702 710 completur
740 645 941 694 votum.
1019 640 1134 693 Iam
1171 644 1331 693 natus
1372 641 1634 710 adaequat
1711 656 1798 697 430

103 713 178 766 Te
217 714 424 766 meritis
465 718 540 784 et,
580 715 725 783 quod
761 716 934 786 magis
975 718 1056 767 est
1098 716 1356 786 optabile,
1396 716 1562 768 vincit

104 786 378 840 Subm'xus
420 787 716 841 Stilichone
754 792 877 858 tuo,
921 807 1079 857 quem
1118 790 1377 842 fratribus
1416 791 1530 858 ipse

102 861 395 914 Discedens
436 862 665 931 clipeum
706 863 1143 931 defensoremque
1184 863 1390 916 dedisti.

101 935 209 988 Pro
248 936 407 988 nobis
445 937 583 988 nihil
620 937 713 989 ille
752 937 866 1005 pati
903 937 1219 1005 nullumque
1259 941 1470 990 recusat

102 1009 407 1062 Discrimen
444 1014 707 1079 temptare
749 1011 853 1080 sui,
890 1029 1002 1063 non
1040 1011 1171 1062 dura
1210 1012 1440 1081 viarum,
1711 1026 1799 1066 435

101 1083 231 1136 Non
267 1084 473 1136 incerta
510 1085 697 1154 maris7
736 1085 939 1153 Libyae
980 1085 1277 1153 squalentis
1316 1085 1544 1138 harenas

100 1155 340 1209 Audebit
380 1176 630 1226 superare
668 1159 829 1227 pedes
868 1159 1186 1227 madidaque
1227 1159 1444 1212 cadente

101 1230 317 1283 Pleiade
360 1230 615 1284 Gaetulas
653 1232 880 1284 intrabit
918 1233 1101 1284 navita
1142 1232 1341 1302 Syrtes.

214 1305 374 1357 Hunc
412 1309 595 1358 tamen
631 1306 690 1358 in
727 1307 916 1374 primis
954 1306 1185 1375 populos
1224 1307 1391 1359 lenire
1430 1308 1634 1360 feroces

101 1378 177 1431 Et
216 1378 466 1431 Rhenum
504 1398 694 1448 pacare
733 1380 900 1432 iubes
978 1379 1143 1432 Volat
1181 1381 1273 1433 ille
1314 1382 1492 1433 citatis
1711 1397 1799 1436 440

100 1452 303 1505 Vectus
344 1454 495 1522 equis
533 1454 789 1522 nullaque
828 1455 972 1506 latus
1014 1454 1247 1523 stipante
1288 1459 1522 1525 caterva,

101 1525 310 1595 Aspera
346 1528 623 1579 nubiferas
664 1547 769 1596 qua
807 1528 998 1580 Raetia
1037 1529 1270 1600 porrigit
1307 1528 1497 1599 AlpeS,

101 1600 289 1671 Pergit
329 1604 381 1653 et
419 1601 646 1653 hostiles
688 1600 864 1671 (tanta
904 1606 985 1654 est
1025 1601 1243 1673 fiducia)
1284 1603 1429 1671 ripas

100 1673 456 1726 Incomitatus
497 1675 621 1727 adit.
699 1675 897 1727 Totum
934 1694 1220 1744 properare
1258 1695 1355 1745 per
1394 1695 1604 1730 amnem

101 1746 385 1800 Attonitos
425 1767 578 1819 reges
618 1749 810 1800 humili
851 1750 1051 1801 cervice
1091 1750 1311 1802 videres,
1710 1765 1796 1805 445

101 1821 245 1874 Ante
286 1821 472 1874 ducem
509 1826 758 1874 nostrum
796 1823 990 1875 flavam
1030 1841 1271 1891 sparsere
1313 1823 1600 1895 Sygambri

104 1895 406 1948 Caesariem
444 1896 745 1964 pavidoque
787 1901 1000 1949 orantes
1039 1916 1310 1949 murmure
1348 1897 1542 1951 Franci

100 1969 441 2022 Procubuere
480 1970 618 2022 solo:
659 1970 869 2022 iuratur
906 1971 1181 2023 Honorius
1223 1972 1415 2024 absens

100 2042 467 2112 Imploratque
507 2047 662 2096 tuum
702 2045 928 2113 supplex
965 2043 1288 2097 Alamannia
1325 2064 1535 2099 nomen.

100 2117 395 2170 Bastarnae
433 2136 623 2170 venere
663 2121 841 2170 truces
851 2163 864 2188 ‚
902 2119 1048 2171 venit
1089 2119 1270 2171 accola
1309 2119 1473 2172 silvae
1706 2135 1793 2175 450

99 2191 391 2244 Bructerus
431 2191 731 2260 Hercyniae
769 2193 1001 2262 latisque
1038 2193 1327 2262 paludibus
1367 2194 1476 2246 exit

104 2265 319 2318 Cimber
359 2269 411 2318 et
449 2266 695 2336 ingentes
734 2265 921 2319 Albim
959 2267 1163 2335 liquere
1206 2266 1474 2320 Cherusci.

99 2338 315 2408 Accipit
353 2339 446 2392 ille
484 2358 668 2408 preces
706 2341 882 2392 varias
921 2341 1178 2409 tardeque
1217 2344 1441 2412 rogatus

100 2412 308 2465 Adnuit
347 2416 400 2465 et
438 2432 636 2484 magno
675 2432 860 2482 pacem
897 2434 996 2483 pro
1036 2433 1255 2467 munere
1295 2415 1472 2468 donat.

99 2485 409 2539 Nobilitant
447 2491 654 2539 veteres
696 2487 1011 2540 Germanica
1049 2488 1263 2541 foedera
1302 2488 1532 2558 DruSOS‚
1705 2503 1792 2544 455

99 2559 273 2612 Marte
315 2560 406 2612 sed
446 2561 691 2631 ancipiti⁷
731 2562 824 2613 sed
861 2562 1047 2614 multis
1088 2562 1329 2614 cladibus
1368 2566 1560 2631 empta.

101 2632 235 2695 Quis
273 2635 475 2687 victum
513 2635 757 2687 meminit
797 2636 912 2688 sola
950 2635 1235 2688 formidine
1273 2635 1558 2689 Rhenum?

101 2705 256 2769 Quod
293 2708 472 2778 longis
512 2709 605 2760 alii
643 2709 801 2761 bellis
839 2713 1061 2778 potuere
1100 2710 1312 2778 mereri7

98 2780 219 2833 Hoc
256 2781 359 2833 tibi
398 2782 489 2834 dat
528 2782 841 2835 Stilichonis
880 2784 996 2836 iter.

1078 2857 1211 2910 Post
1251 2857 1360 2910 otia
1400 2857 1544 2911 Galli

97 2927 312 2981 Limitis
351 2929 587 2982 hortaris
630 2930 820 2983 Graias
859 2929 1048 2983 fulcire
1087 2931 1284 2984 ruinas.
1703 2946 1790 2987 460
