2044 3220
757 708 1317 769 PANEGYRIGVS

191 829 297 889 DE
333 827 584 888 SEXTO
625 826 1100 887 CONSVLATV
1138 827 1478 887 HONORII
1513 825 1884 888 AVGVSTI.

846 975 1241 1027 PRAEFATIO.

923 1089 1153 1147 (XXVHQ

195 1179 409 1250 Omnia,
451 1198 586 1249 quae
627 1198 787 1232 sensu
827 1180 1121 1232 volvuntur
1159 1183 1286 1233 vota
1327 1180 1535 1251 diurne,

265 1255 490 1308 Pectore
531 1254 709 1324 sopito
750 1254 924 1307 reddit
965 1255 1134 1307 amica
1176 1255 1342 1322 quies».

190 1327 433 1382 Venator
474 1329 681 1381 defessa
720 1333 842 1382 toro
885 1347 1005 1382 cum
1044 1329 1285 1381 membra
1324 1329 1555 1399 reponit,

267 1404 421 1456 Mens
461 1407 644 1456 tamen
682 1403 749 1455 ad
789 1403 953 1456 silvas
995 1407 1047 1456 et
1087 1421 1183 1456 sua
1222 1403 1396 1456 lustra
1434 1403 1587 1457 redit.

194 1476 470 1530 Iudicibus
509 1478 649 1549 lites,
690 1478 908 1549 aurigae
950 1478 1157 1532 somnia
1199 1497 1386 1531 currus
1866 1492 1910 1532 5⁷

266 1551 529 1620 Vanaque
566 1553 848 1604 nocturnis
886 1556 1030 1604 meta
1071 1556 1287 1605 cavetur
1326 1552 1492 1621 equis,

193 1625 362 1678 Furto
403 1626 602 1696 gaudet
642 1644 842 1696 31113115,
880 1630 1152 1694 permutat
1189 1626 1375 1678 navita
1413 1644 1614 1679 merces

269 1700 343 1752 Et
383 1699 518 1770 vigi]
557 1699 766 1768 elapsas
807 1700 1017 1767 quaerit
1057 1719 1249 1752 avarus
1291 1718 1434 1770 opes,

194 1772 508 1842 Blandaque
547 1773 780 1844 largitur
818 1774 1020 1825 frustra
1062 1774 1373 1826 sitientibus
1413 1774 1588 1846 aegris

269 1847 523 1919 Inriguus
563 1847 743 1918 gelido
782 1848 976 1916 pocula
1016 1848 1165 1900 fonte-
1207 1866 1380 1917 sopor.
1841 1863 1894 1903 10

196 1995 282 2048 Me
324 2014 537 2064 quoque
576 1995 855 2047 Musarum
896 1995 1135 2048 studium
1177 1996 1276 2048 sub
1315 2000 1474 2049 nocte
1514 1996 1695 2050 silenti

270 2069 498 2122 Artibus
539 2069 778 2121 adsuetis
819 2070 1113 2122 sollicitare
1155 2070 1305 2123 solet.

194 2143 443 2212 Namque
482 2144 595 2212 poli
635 2144 808 2196 media
850 2144 1119 2196 stellantis
1160 2144 1218 2196 in
1257 2163 1376 2196 arce
1415 2144 1635 2197 Videbar

269 2217 413 2270 Ante
452 2218 612 2286 pedes
655 2218 849 2270 summi
890 2218 1127 2270 carmina
1166 2218 1305 2270 ferre
1344 2217 1511 2288 Iovis3

195 2292 377 2360 thue
416 2292 560 2343 favet
601 2310 836 2361 5011111115,
874 2292 1203 2361 plaudebant
1241 2292 1465 2344 numina
1505 2292 1662 2344 dictis
1841 2306 1894 2345 15

270 2366 343 2418 Et
385 2365 695 2418 circumfusi
735 2384 885 2418 sacra
926 2384 1122 2418 corona
1163 2366 1325 2417 chori.

197 2439 500 2491 Enceladus
539 2438 675 2491 mihi
716 2457 928 2491 carmen
967 2444 1080 2492 erat
1118 2439 1400 2508 victusque
1441 2438 1752 2508 Typhoeus:

271 2512 377 2565 Hic
418 2513 565 2565 subit
603 2512 889 2582 Inarimen,
929 2513 1071 2565 hunc
1110 2513 1292 2583 gravis
1331 2511 1507 2565 Aetna
1549 2513 1742 2565 domat.

201 2585 371 2648 Quam
409 2587 611 2639 laetum
649 2590 775 2655 post
813 2586 955 2638 bella
994 2586 1177 2639 Iovem
1218 2590 1524 2656 susceperat
1563 2587 1747 2639 aether
1919 2634 1922 2637 ,

272 2659 598 2730 Phlegraeae
637 2661 870 2713 referens
910 2660 1147 2729 praemia
1187 2660 1440 2713 militiae!
1835 2674 1895 2713 20

199 2806 433 2858 Additur
473 2825 590 2859 ecce
629 2808 760 2860 fides
798 2826 895 2860 nec
934 2827 1018 2860 me
1056 2826 1173 2859 mea
1213 2808 1345 2859 lusit
1382 2808 1578 2878 imag0‚

274 2879 445 2932 Inrita
483 2898 580 2932 nec
620 2881 817 2934 falsum
857 2881 1066 2933 somnia
1105 2881 1252 2934 misit
1294 2882 1438 2934 ebur.
