2029 3230
221 145 327 188 XVI
880 141 1233 186 PRAEFATIO.

223 296 385 330 ausus
442 296 558 328 sum
613 276 764 327 Eutr.
805 274 830 326 I
871 276 976 328 309
1025 276 1243 338 domini,
1297 275 1366 326 ib.
1408 274 1461 326 II
1505 276 1609 328 185
1654 278 1910 330 retinente.

221 351 411 418 Neque
458 350 628 400 habeo
677 348 771 400 ubi
815 349 1169 400 necessariam
1216 366 1330 399 esse
1377 348 1514 399 aiam
1561 348 1846 400 lectionem
1885 369 1910 402 ε

221 424 328 476 nisi
361 424 416 474 in
450 441 489 474 c.
514 442 580 473 m.
606 421 763 473 XVII
791 423 858 474 15
891 423 1059 474 exerit.
1125 421 1371 473 Ceterum
1402 422 1459 472 in
1481 419 1562 472 III
1588 439 1729 474 cons,
1754 421 1910 490 Hon.²

225 497 421 564 quippe
468 496 524 546 in
575 513 678 562 quo
734 495 980 546 meliores
1037 495 1222 562 scripti
1273 495 1401 545 libri
1449 493 1696 546 deficiant
1708 537 1723 564 ‚
1776 495 1911 547 illud

225 571 438 637 teyme'ne
478 568 769 636 adprobavi
807 568 970 636 praef.
1010 587 1056 619 v.
1091 570 1138 620 3.

370 641 613 709 Denique
651 641 709 692 in
748 641 1073 692 carminibus
1109 640 1387 692 Claudiani
1420 657 1602 691 eorum
1634 658 1768 708 quae
1799 640 1910 692 fere

220 715 545 783 novaven'm7
585 718 677 765 aut
718 714 784 765 ad
821 714 1184 781 manuscripta
1221 717 1312 764 aut
1345 713 1410 764 ad
1440 713 1646 780 priores
1679 713 1908 765 editores

223 792 315 839 aut
356 788 421 839 ad
462 788 820 839 coniecturam
870 786 1206 855 confugiens,
1252 787 1516 837 rationem
1563 786 1682 837 dedi
1728 786 1787 838 in
1824 786 1911 837 ad-

220 861 595 913 notationibus
638 878 769 927 quas
808 860 865 910 in
903 859 1161 927 proximis
1200 859 1412 928 paginis
1455 859 1720 926 praemisi.
1798 857 1910 911 Sub

221 934 339 1002 ipso
394 934 633 1003 margine
689 933 982 984 carminum
1037 932 1277 984 codicum
1330 932 1614 983 varietates
1667 949 1777 983 non
1823 931 1910 983 ad-

221 1007 478 1076 ferebam3
518 1007 615 1057 has
656 1006 796 1057 enim
827 1005 908 1057 Bi.
940 1005 1173 1057 ubertim
1203 1005 1627 1074 ministraverat3
1667 1004 1759 1056 sed
1790 1022 1910 1056 con-

220 1081 578 1132 iectanearum
617 1080 908 1130 lectionum
941 1083 1183 1130 auctores
1214 1078 1489 1130 nominare
1519 1077 1598 1129 ibi
1631 1077 1762 1130 satis
1794 1095 1908 1129 esse

224 1154 366 1222 duxi,
397 1154 473 1204 ita
505 1157 565 1204 ut
599 1152 838 1204 codicum
862 1152 1146 1204 lectionem
1172 1152 1284 1203 sine
1307 1155 1436 1203 nota
1461 1151 1612 1202 iuxta
1642 1168 1908 1218 ponerem.

370 1226 449 1277 De
485 1226 667 1277 ordine
701 1226 995 1277 carminum
1029 1243 1184 1292 quem
1211 1243 1272 1276 ex
1298 1225 1616 1276 auctoritate
1646 1224 1909 1275 librorum

223 1299 576 1367 exhibuimus7
617 1302 729 1350 erat
771 1317 890 1350 cum
930 1298 1248 1366 dubitarem3
1289 1301 1428 1349 certe
1461 1297 1601 1349 enim
1633 1296 1909 1365 aptissime

219 1372 361 1424 inter
398 1372 790 1441 Panegyricum
828 1371 1050 1422 Probini
1089 1375 1141 1422 et
1179 1371 1348 1422 libros
1386 1371 1443 1422 in
1473 1370 1729 1422 Rufinum
1761 1369 1910 1421 ador-

220 1446 337 1498 nari
391 1445 570 1513 potuit
617 1445 825 1512 Raptus
871 1444 1245 1512 Proserpinae3
1298 1444 1403 1495 fuit
1450 1444 1591 1494 enim
1635 1442 1724 1494 hic
1767 1442 1908 1493 inter

220 1519 393 1587 prima
448 1517 725 1570 conamina
778 1517 963 1569 Musae
1013 1516 1362 1568 Claudianeae
1418 1519 1470 1568 et
1522 1516 1678 1567 illum
1729 1515 1909 1567 locum

223 1592 328 1643 sibi
369 1592 593 1661 adrogat
633 1591 796 1642 etiam
834 1594 1073 1657 tempore
1112 1590 1246 1659 ipso,
1286 1607 1391 1656 quo
1422 1592 1582 1641 natus
1615 1592 1710 1641 est.
1770 1586 1909 1639 Item

224 1684 253 1716 a
288 1664 502 1717 Graecis
544 1664 867 1716 carminibus
907 1664 1062 1715 Musa
1100 1663 1230 1714 haec
1270 1662 1544 1713 exordium
1583 1664 1908 1729 sumpserat3

223 1738 487 1790 debebant
513 1756 638 1808 ergo
663 1737 793 1788 haec
816 1737 874 1788 in
896 1736 1085 1805 primis
1109 1735 1320 1806 paginis
1346 1734 1583 1802 exprimi.
1626 1734 1908 1785 Praeterea

221 1811 452 1863 testibus
493 1815 585 1862 aut
625 1810 842 1878 optimis
883 1813 974 1861 aut
1014 1809 1171 1861 bonis
1212 1812 1352 1860 certe
1391 1826 1451 1859 eo
1494 1807 1678 1859 deduci
1715 1806 1909 1875 possm,

220 1889 281 1937 ut
320 1885 531 1936 Bellum
573 1883 911 1936 Gildonicum
949 1886 1073 1950 post
1111 1882 1324 1933 Bellum
1356 1880 1645 1933 Gothicum
1678 1880 1906 1931 colloces

223 1957 312 2028 (cf.
337 1958 416 2009 Bi.
440 1957 602 2025 praef.
627 1977 675 2025 p.
705 1955 964 2026 CXXXI).
1028 1954 1130 2007 Sed
1160 1959 1340 2006 tamen
1369 1954 1454 2005 his
1487 1952 1907 2023 cogitationibus

222 2050 321 2101 ego
380 2031 602 2098 obsequi
654 2030 827 2098 nolui,
889 2033 949 2080 ut
1000 2047 1067 2080 ne
1124 2028 1362 2080 ordinem
1421 2027 1712 2078 carminum
1724 2069 1739 2096 7
1800 2042 1905 2092 quo

220 2104 431 2172 Ieepius
473 2123 501 2155 a
543 2102 800 2172 Gesnmn,
853 2102 1058 2154 Birtius
1098 2120 1127 2153 a
1166 2100 1345 2169 Ieepio
1393 2099 1679 2168 discrepat,
1733 2098 1905 2150 denuo

220 2178 335 2246 ipse
376 2195 586 2245 quoque
625 2177 958 2228 inmutarem.

370 2249 435 2301 In
489 2249 920 2319 orthographicis
975 2252 1027 2299 et
1080 2246 1509 2314 interpunctione
1564 2248 1824 2312 quatenus
1875 2262 1906 2294 a

226 2323 517 2375 Claudiano
557 2323 755 2374 maiore
794 2322 883 2373 hic
922 2321 1097 2372 minor
1142 2319 1440 2388 recesserit,
1493 2317 1598 2385 ipsi
1643 2316 1904 2369 videth

223 2397 314 2465 qui
353 2395 652 2465 inspicient

227 2542 534 2594 Scribebam
554 2541 733 2594 Ostiae
753 2541 817 2592 ad
837 2540 1092 2593 Saravum
1110 2556 1288 2590 mense
1306 2537 1448 2589 Maio
1464 2532 1901 2616 MDCCCXCHI.
