2044 3220
749 684 1313 745 PANEGYRIOVS

191 807 297 866 DE
325 805 639 875 QVARTO
666 802 1139 864 CONSVLATV
1165 802 1498 861 HONORII
1518 799 1879 863 AVGVSTI.

963 929 1120 985 (vm.)

303 1022 577 1090 Auspiciis
616 1022 811 1073 iterum
852 1038 966 1072 sese
1005 1019 1278 1089 regalibus
1318 1037 1489 1070 annus

191 1097 372 1150 Induit
413 1099 465 1147 et
503 1099 633 1146 nota
672 1095 871 1145 fruitur
910 1093 1199 1144 iactantior
1238 1092 1381 1161 aula,

191 1170 401 1222 Limina
440 1186 537 1220 nec
575 1168 720 1236 passi
762 1168 959 1219 circum
998 1166 1208 1234 privata
1247 1166 1445 1217 morari

193 1243 462 1296 Exultant
502 1241 719 1293 reduces
758 1240 1009 1310 Augusto
1052 1239 1268 1291 consule
1308 1239 1493 1290 fasces,

196 1316 380 1369 Cernis
419 1320 479 1366 ut
520 1333 790 1366 armorum
828 1331 1074 1382 proceres
1113 1313 1398 1382 legumque
1437 1315 1686 1380 potentes

192 1389 457 1442 Patricios
499 1391 717 1440 sumunt
756 1387 976 1438 habitus
1017 1390 1070 1438 et
1108 1404 1254 1437 more
1297 1385 1505 1438 Gabino

193 1463 443 1516 Discolor
480 1461 678 1513 incedit
716 1461 859 1531 legio
898 1460 1198 1528 positisque
1236 1477 1522 1528 parumper

193 1538 470 1589 Bellorum
512 1534 680 1605 signis
722 1534 964 1602 sequitur
1003 1533 1198 1585 vexilla
1240 1532 1485 1595 Quirini?

193 1609 395 1662 Lictori
438 1608 629 1660 cedunt
670 1608 880 1674 aquilae
919 1607 1161 1675 ridetque
1201 1610 1421 1676 togatus

195 1684 352 1735 Miles
394 1686 445 1733 et
485 1682 543 1732 in
580 1680 768 1732 mediis
809 1681 1030 1750 effulget
1071 1680 1215 1731 curia
1257 1679 1460 1731 castris,

195 1756 319 1825 Ipsa
363 1755 612 1807 Palatino
654 1754 1053 1805 circumvallata
1095 1756 1282 1804 senatu

194 1830 308 1882 Iam
348 1829 589 1880 trabeam
629 1826 853 1878 Bellona
893 1826 1032 1908 gerit
1069 1843 1416 1894 parmamque
1455 1824 1682 1876 removit

195 1904 269 1956 Et
310 1903 518 1973 galeam
559 1918 736 1951 sacras
776 1900 973 1951 umeris
1013 1904 1229 1951 vectura
1271 1899 1535 1950 curules·

196 1977 310 2029 Nec
350 1980 403 2027 te
443 1974 740 2043 laurigeras
779 1973 999 2041 pudeat
1041 1973 1296 2042 Gradive,
1338 1989 1548 2024 secures

195 2051 392 2102 Pacata
434 2051 644 2118 gestare
683 2065 844 2098 manu
884 2047 1146 2114 Latiaque
1183 2046 1469 2097 micantem

196 2124 443 2176 Loricam
483 2125 690 2172 mutare
730 2124 882 2190 toga7
924 2121 1047 2171 dum
1087 2120 1290 2171 ferreus
1330 2119 1514 2170 haeret

200 2197 400 2249 Currus
442 2199 494 2246 et
533 2194 756 2245 Eridani
796 2193 989 2245 ludunt
1028 2211 1122 2261 per
1161 2197 1317 2261 prata
1355 2192 1575 2262 iugales,

309 2268 470 2321 Haud
509 2267 728 2336 indigna
770 2267 873 2318 coli
912 2285 1010 2318 nec
1046 2286 1216 2334 nuper
1257 2266 1473 2336 cognita
1511 2264 1673 2316 Marti

198 2344 361 2412 leia
401 2340 684 2410 progenies
725 2344 777 2391 et
818 2358 951 2407 quae
993 2341 1290 2392 diademata
1328 2339 1527 2390 mundo

198 2416 408 2485 Sparsit
446 2414 649 2465 Hibera
691 2413 891 2465 domus
968 2413 1083 2466 Nec
1121 2416 1329 2464 tantam
1367 2411 1527 2463 vilior
1565 2410 1707 2462 unda

198 2488 505 2542 Promeruit
545 2486 723 2557 gentis
765 2486 978 2538 seriem:
1021 2486 1284 2538 cunabula
1323 2485 1461 2536 fovit

200 2563 465 2621 Oceanus:
505 2564 678 2611 terrae
719 2559 961 2610 dominos
1000 2559 1283 2641 pelagique
1321 2559 1534 2609 futuros

201 2635 451 2688 Inmenso
496 2633 671 2684 decuit
711 2651 888 2684 rerum
929 2633 990 2684 de
1028 2632 1267 2700 principe
1304 2631 1466 2683 nasci.

199 2709 339 2761 Hinc
381 2706 647 2776 processit
688 2724 840 2775 avus
880 2706 964 2757 cui
1002 2710 1126 2774 post
1165 2705 1366 2757 Arctoa
1405 2703 1651 2755 frementi

201 2782 437 2835 Classica
477 2780 742 2846 Massylas
783 2750 1035 2831 adnexuit
1073 2778 1258 2830 Africa
1297 2779 1503 2845 lauruS,

198 2855 320 2924 Ille,
363 2853 663 2905 Caledoniis
701 2853 884 2920 posuit
925 2853 1016 2920 qui
1057 2857 1230 2904 castra
1268 2851 1498 2920 1011111113,

198 2929 299 2992 Qui
340 2927 541 2979 medios
580 2925 780 2993 Libyae
821 2926 919 2976 sub
962 2926 1166 2977 casside
1204 2924 1428 2993 pertulit
1468 2926 1670 2992 aestm,

1832 1691 1884 1731 10

1826 2058 1880 2098 15

1825 2424 1882 2464 20

1827 2789 1883 2828 25
