2029 3230
542 97 1015 142 ADNOTATIONES
1050 95 1338 140 CRITICAE.
1687 97 1794 140 XXI

127 237 183 275 55
221 231 566 285 Calchedonias]
601 229 667 272 sic
699 229 992 273 scribendum
1030 243 1130 273 esse
1162 229 1262 286 ipse
1288 231 1448 273 monet
1470 228 1540 273 Bi.
1566 228 1615 272 in
1641 229 1795 273 indice

219 306 254 335 s.
278 305 321 334 v.
359 290 629 338 Chalcedon.
1480 307 1484 310 ·

129 355 186 394 74
211 349 432 406 potestas]
483 361 641 391 omnes
691 346 898 402 exceptis
939 346 1130 401 VEms,
1179 347 1258 402 qui
1304 347 1535 403 praebent
1579 348 1792 402 facultas.

215 408 349 451 illam
389 406 638 450 lectionem
680 420 760 449 cur
796 405 1124 462 praetulerim,
1175 408 1389 461 inspecta
1420 405 1560 449 Birtii
1599 405 1794 450 adnota—

215 467 344 511 tione
379 465 642 522 adparebit.

129 531 182 571 76
215 526 433 582 stipatur]
467 525 510 568 V
542 524 689 578 solUS,
728 525 926 580 stipatus
957 536 1062 565 cum
1102 522 1294 577 reliquis
1327 524 1395 568 Bi.
1438 525 1519 567 sed
1561 538 1664 567 eum
1706 523 1796 566 soli

215 585 382 628 Rufino
417 585 572 627 castra
610 581 818 626 hostium
857 581 1069 638 patuisse
1103 597 1143 625 v.
1173 586 1226 625 73
1259 581 1524 638 videamus,
1565 596 1685 638 quae
1727 597 1804 640 se-,

215 645 421 699 quuntur
450 657 492 688 v.
522 645 709 686 75—77
750 655 806 684 ex
844 642 1047 685 iactabat
1085 641 1289 696 pendere
1328 644 1589 696 nequeunt3
1633 641 1794 697 itaque

217 702 361 747 etiam
393 701 821 756 interpunctionem
853 699 1046 744 mutavi.

126 766 182 805 86
216 767 311 806 tum
349 761 524 818 vultus]
572 760 640 803 sic
690 759 799 802 VH
839 772 924 802 nec
973 758 1112 802 aliter
1158 758 1346 813 vitium,
1397 760 1522 814 quod
1569 759 1714 803 habet
1762 759 1796 803 C

215 821 454 875 tumultus,
486 819 597 862 oriri
628 818 807 875 potuit3
839 818 1066 861 librorum
1098 817 1246 874 igitur
1271 818 1552 873 optimorum
1579 818 1663 862 VC
1690 832 1796 861 con-

216 878 525 935 spirationem
547 877 626 921 hic
644 891 898 934 agnoscere
926 877 1163 931 debemus,
1191 891 1330 932 quam
1353 877 1636 933 ubicumque
1661 877 1796 921 licuit

216 940 403 982 secutus
437 953 552 982 sum.

127 1000 182 1040 87
216 999 291 1053 ne]
326 997 451 1052 quod
481 996 552 1041 Bi.
588 994 788 1039 coniecit
818 994 920 1050 ipso
963 994 1122 1039 codice
1156 994 1187 1038 C
1221 996 1419 1039 fortasse
1460 995 1795 1050 consentiente,

214 1055 422 1112 recipere
454 1070 549 1099 non
582 1054 811 1098 dubitavi.

96 1126 182 1166 106
215 1122 487 1226 gotzpleoeus]
522 1136 627 1166 eum
661 1120 849 1177 optimis
883 1120 1016 1163 libris
1046 1118 1259 1163 VCEmb
1293 1121 1421 1177 lego3
1456 1121 1628 1177 reliqui
1653 1127 1700 1165 et
1725 1121 1795 1166 Bi.

251 1183 495 1238 ompleoeus.

97 1244 180 1284 141
214 1241 399 1298 faciem]
435 1242 597 1283 contra
620 1241 809 1292 rabiem,
840 1239 964 1294 quod
989 1239 1220 1295 praebent
1243 1239 1393 1283 AlsV
1410 1240 1437 1294 ¹,
1470 1239 1606 1283 unice
1631 1242 1796 1283 tenen-

214 1300 325 1342 dum
358 1313 460 1343 esse
494 1313 548 1342 ex
579 1299 685 1355 ipsa
719 1297 855 1341 Birtii
888 1299 1196 1341 adnotatione
1230 1298 1395 1342 elucet.

96 1371 180 1411 149
213 1368 395 1424 volitat]
432 1367 864 1411 ‘herumschzcc'irmt’
899 1381 994 1410 non
1024 1367 1210 1408 tantum
1257 1364 1526 1408 offensionis
1568 1365 1714 1408 habet
1745 1368 1798 1408 ut

215 1426 276 1469 ad
309 1425 626 1469 coniecturam
658 1425 1020 1480 confugiendum
1056 1425 1129 1467 sit.

99 1498 183 1537 159
216 1492 426 1551 fruatur]
460 1492 576 1535 haec
601 1492 758 1546 lectio,
785 1491 874 1534 etsi
891 1506 985 1535 non
1010 1491 1079 1534 ita
1104 1490 1237 1533 firma
1264 1490 1548 1533 auctoritate
1567 1491 1717 1547 (11231
1732 1491 1795 1535 ἱ’Λ

213 1565 397 1595 necnon
445 1553 493 1595 et
533 1549 667 1595 Emb]
704 1550 981 1606 sustinetur,
1029 1551 1191 1592 tamen
1237 1549 1389 1605 magis
1429 1549 1610 1605 placuit
1657 1564 1797 1605 quam

213 1612 421 1666 fructum·
446 1624 566 1666 quae
585 1610 708 1654 enirn
732 1610 1018 1653 antecedunt
1034 1623 1075 1653 v.
1098 1612 1345 1662 156—158,
1371 1622 1594 1665 praesens
1611 1611 1797 1666 tempus

213 1672 427 1726 poscunt,
465 1683 558 1713 non
592 1669 813 1713 futurum.

97 1740 183 1781 160
219 1736 467 1794 Thracam]
499 1735 682 1792 scripsi3
701 1741 882 1792 partem
907 1734 1042 1779 codd.
1062 1734 1368 1791 depravatum
1391 1733 1542 1777 locum
1564 1734 1798 1789 quomodo

216 1809 381 1839 sanare
405 1809 605 1851 possem,
633 1795 713 1838 diu
737 1808 920 1838 meeum
947 1792 1253 1847 consideravi,
1281 1793 1363 1836 sed
1384 1793 1610 1836 traditam
1634 1793 1796 1837 lectio-

213 1868 323 1898 nem
361 1855 534 1910 quippe
585 1868 723 1898 sensu
771 1868 952 1898 cassam
1000 1852 1153 1896 textui
1201 1852 1352 1895 denuo
1400 1852 1605 1896 inserere
1651 1852 1797 1897 nolui.

219 1915 461 1968 Thracam,
493 1913 618 1969 quod
648 1927 907 1969 proponere
940 1914 1080 1968 atque
1115 1912 1250 1955 edere
1283 1926 1421 1954 ansus
1448 1926 1563 1968 sum,
1596 1912 1798 1955 fortasse

216 1986 271 2016 eo
305 1973 730 2027 commendabitur,
776 1972 888 2027 quia
927 1972 1111 2015 hostem
1153 1985 1208 2015 ex
1239 1970 1439 2026 Illyricis
1478 1971 1647 2015 finibus
1682 1971 1798 2015 Con-

217 2031 578 2087 stantinopolim
611 2031 943 2087 adgressurum
968 2029 1197 2073 Thraciae
1229 2030 1406 2073 instare
1434 2034 1798 2074 consentaneum

217 2093 301 2135 est.
370 2091 426 2133 de
465 2090 618 2133 forma
660 2089 788 2133 vocis
838 2089 1051 2145 quamvis
1099 2102 1207 2131 rara
1253 2090 1414 2132 tamen
1459 2103 1555 2133 non
1601 2089 1799 2133 insolita

214 2150 270 2193 cf.
299 2164 336 2193 e.
364 2164 406 2205 g.
432 2149 542 2193 Hor.
568 2149 653 2205 Ep.
679 2150 699 2191 1
725 2153 764 2205 3,
792 2154 830 2193 3.
892 2147 1070 2192 Birtius
1110 2148 1359 2204 postmodo
1402 2147 1467 2191 sic
1508 2148 1604 2204 legi
1642 2148 1797 2193 iubet:

222 2209 345 2266 Quid
377 2214 573 2265 aperta
605 2210 820 2253 invadere
851 2207 1069 2264 temptat?

96 2280 181 2320 167
214 2274 388 2333 zmzdas]
423 2288 478 2318 ex
511 2275 610 2318 solo
642 2275 686 2317 V
719 2274 896 2331 optimo
929 2274 1132 2317 libenter
1164 2273 1345 2329 accepi3
1387 2273 1558 2328 reliqui
1598 2275 1796 2319 umbras.

98 2346 183 2386 168
217 2344 419 2397 quantas
451 2341 527 2384 hic
558 2355 719 2384 versus
760 2341 961 2384 moverit
1001 2340 1327 2395 difficultates,
1376 2339 1538 2382 videas
1577 2339 1627 2382 in
1658 2340 1799 2384 Birtii

215 2401 534 2445 adnotatione.
585 2400 795 2456 spurium
820 2414 921 2443 esse
945 2414 1038 2443 non
1053 2402 1183 2456 puto,
1211 2399 1321 2454 quia
1340 2398 1380 2442 si
1398 2399 1584 2442 deesset
1601 2413 1799 2444 acumen

218 2475 450 2503 summum
497 2462 545 2503 et
592 2460 782 2515 elegans
832 2459 1191 2503 desideraretur.
1264 2472 1451 2501 sensum
1497 2460 1798 2514 peroptatum

215 2519 465 2562 adsecutus
499 2531 598 2562 esse
631 2518 750 2562 mihi
780 2517 964 2568 videor,
1000 2518 1039 2561 si
1069 2518 1248 2573 legam:
1289 2518 1387 2562 Nec
1417 2532 1516 2562 mea
1546 2519 1644 2562 sola
1675 2533 1798 2563 meus

212 2580 381 2623 ridebit
411 2579 570 2633 funere
601 2580 756 2622 victor.
812 2577 1003 2621 inutilia
1036 2578 1095 2620 ad
1121 2578 1243 2620 hunc
1274 2576 1431 2619 locum
1455 2576 1704 2620 adnotavit
1726 2577 1799 2621 vir

216 2637 381 2680 doetus
413 2636 462 2679 in
496 2636 732 2682 ‘Litteran
767 2636 1040 2681 Centralbl.'
1078 2650 1118 2680 a.
1147 2640 1261 2679 1893
1294 2651 1336 2680 n.
1364 2640 1390 2679 3
1421 2651 1465 2692 p.
1493 2639 1563 2681 83.

98 2708 185 2748 239
219 2704 328 2761 qua]
362 2717 448 2804 ago
472 2703 611 2758 AH2,
638 2717 837 2758 quorum
862 2702 1193 2748 auctoritatem
1219 2716 1298 2745 cur
1313 2701 1383 2748 Β1.
1404 2702 1537 2758 sequi
1561 2703 1795 2760 maluerit,

97 2776 385 2888 246]ῃέ3αέ11
405 2775 616 2884 gosolus,
653 2829 777 2884 quod
808 2829 1035 2886 praetuli3
1071 2828 1109 2872 si
1140 2828 1264 2872 enim
1288 2830 1392 2886 fiyet
1415 2828 1630 2884 legimus,
1665 2828 1798 2884 sequi

216 2888 358 2931 debet
391 2888 526 2931 ‘haec
557 2888 715 2944 patria
748 2888 872 2932 erit’.
