2044 3220
514 77 695 121 CARM.
727 76 857 121 MIN.
889 77 991 121 LIII
1022 76 1581 138 (GIGANTOMACHIA).
1788 84 1897 136 259

200 210 361 263 Haud
402 229 553 264 secus
596 211 893 281 omnigenis
934 213 1179 265 coeuntia
1217 215 1439 266 numina
1481 215 1674 268 turmis

200 283 287 335 Ad
323 285 494 353 patris
534 302 723 337 venere
765 284 966 336 domos,
1030 285 1167 338 Tum
1206 286 1449 356 Iuppiter
1486 289 1630 341 infit:

311 356 375 410 ‘O
414 377 709 426 numquam
746 358 985 426 peritura
1027 360 1314 430 3011013,0
1356 362 1537 415 debita
1577 381 1786 433 semper

200 415 360 483 Caelo
400 432 707 503 progenieS‚
745 431 912 483 nuliis
954 432 1186 484 obnoxia
1226 435 1376 487 fatis·

200 505 430 557 Cernitis
470 510 531 557 ut
571 505 754 556 Tellus
792 509 1040 557 nostrum
1081 507 1321 559 coniuret
1361 510 1419 561 in
1459 511 1642 562 orbem

195 578 354 630 Prole
392 598 532 631 nova
572 578 879 646 dederitque
920 578 1056 631 alios
1094 580 1342 632 interrita
1381 584 1606 650 partus?

194 652 344 723 Ergo
386 656 518 721 quot
558 652 759 704 dederit
797 656 980 722 113103,
1019 657 1103 705 101
1143 654 1330 706 funera
1369 657 1531 708 matri

195 725 512 778 Reddamus
574 726 763 796 Longo
804 727 1017 778 maneat
1056 745 1151 795 per
1192 729 1402 780 saecula
1442 729 1593 781 luctu

194 799 367 852 Tanto
407 819 505 868 pro
545 817 767 851 numero
807 800 1029 868 paribus
1071 801 1321 854 damnata
1363 803 1656 886 sepulcris?

303 872 418 925 Iam
457 873 589 925 tuba
627 873 936 925 nimborum
977 875 1180 944 sonuit,
1219 876 1327 927 iam
1368 877 1522 947 signa
1561 875 1748 928 ruendi
1838 893 1893 931 60

193 946 294 998 His
334 946 559 1016 Aether,
598 947 683 998 his
723 947 887 999 Terra
928 948 1072 1000 dedit
1112 949 1440 1018 confusaque
1480 968 1666 1002 rursus

191 1020 297 1072 Pro
340 1021 556 1072 domino
597 1019 808 1073 Natura
847 1022 1015 1074 timet.
1078 1022 1404 1075 Discrimina
1444 1042 1623 1075 rerum

189 1093 382 1146 Miscet
422 1095 581 1146 turba
620 1098 836 1162 potens:
875 1114 1018 1147 nunc
1057 1097 1235 1148 insula
1276 1097 1366 1149 des
1370 1098 1472 1149 erit
1511 1116 1734 1167 aequor,

190 1167 350 1220 Nunc
391 1168 598 1237 scopuli
637 1168 841 1220 latuere
880 1170 1029 1221 mari.
1094 1169 1237 1231 Quot
1277 1171 1438 1222 litora
1478 1174 1683 1223 restant

189 1241 370 1295 Nuda!
412 1246 544 1310 quot
586 1242 849 1310 antiquas·
874 1247 1154 1295 mutarunt
1193 1244 1414 1296 flumina
1455 1245 1620 1312 ripas!
1834 1260 1890 1299 65

190 1315 294 1367 Hic
334 1319 479 1367 rotat
518 1315 878 1367 Haemonium
917 1317 1194 1384 praeduris
1234 1310 1439 1369 viribus
1481 1317 1672 1387 Oeten3

188 1389 293 1440 Hic
331 1390 457 1460 iuga
500 1390 722 1441 conixus
761 1390 1010 1442 manibus
1049 1390 1297 1461 Pangaea
1339 1396 1606 1461 coruscat,

187 1462 346 1514 Hunc
389 1466 560 1514 armat
600 1463 844 1533 glacialis
884 1462 1084 1533 Athos3
1124 1465 1227 1516 hoc
1269 1464 1403 1517 Ossa
1442 1435 1690 1517 move⁷nte

187 1536 443 1605 Tollitur3
482 1536 569 1587 hic
609 1536 910 1605 Rhodopen
946 1537 1119 1588 Hebri
1160 1556 1280 1590 cum
1319 1539 1467 1590 fonte
1508 1538 1718 1590 revellit

186 1610 262 1662 Et
303 1610 476 1662 socias
518 1611 788 1662 truncavit
829 1629 995 1678 aquas
1037 1629 1350 1679 summaque
1390 1613 1598 1664 levatus
1833 1627 1888 1666 70

186 1683 341 1752 Rupe
383 1683 679 1754 Giganteos
719 1702 932 1736 umeros
973 1684 1179 1736 inrorat
1217 1685 1481 1754 Enipeus:

188 1756 441 1822 Subsedit
480 1758 682 1826 patulis
723 1758 906 1810 Tellus
948 1759 1060 1810 sine
1103 1759 1332 1811 culmine
1373 1759 1574 1827 campis

185 1830 251 1883 In
287 1835 445 1890 natos
486 1831 653 1883 divisa
696 1850 836 1884 suos

899 1905 1214 1958 Horrendus
1254 1907 1455 1974 ubique

186 1977 237 2030 It
276 1978 461 2049 fragor
501 1982 553 2030 et
593 1997 805 2056 pugnae
847 1979 1081 2048 spatium
1121 1980 1453 2031 discriminat
1493 1997 1595 2031 aer.

184 2052 398 2104 Primus
437 2052 732 2104 terrificum
770 2052 987 2104 Mavors
1026 2072 1137 2105 non
1176 2053 1355 2123 segnis
1394 2053 1452 2104 in
1491 2072 1684 2123 agmen
1830 2068 1884 2107 75

186 2125 443 2194 Odrysios
482 2126 714 2194 impellit
755 2144 943 2195 equOS‚
984 2127 1179 2194 quibus
1218 2127 1309 2178 ille
1352 2126 1587 2178 Gelonos

185 2199 307 2251 Sive
349 2198 511 2252 Getas
552 2199 769 2251 turbare
811 2200 969 2252 solet:
1012 2200 1377 2268 splendentior
1415 2200 1530 2270 igni

183 2273 394 2325 Aureus
434 2273 663 2325 ardescit
703 2274 927 2342 clipeus7
968 2275 1281 2344 galeamque
1320 2274 1554 2325 nitentes

157 2346 452 2399 'Adrexere
489 2347 662 2399 iubae.
726 2347 863 2399 Tum
904 2348 1148 2399 concitus
1189 2365 1313 2399 ense
1352 2347 1606 2399 Pelorum

184 2420 460 2491 Transigit
501 2421 723 2473 adverso
734 2464 747 2490 ,
786 2421 1051 2473 femorum
1092 2440 1197 2489 qua
1236 2421 1341 2472 fine
1380 2421 1598 2473 volutus
1823 2433 1883 2473 80

182 2493 397 2562 Duplex
438 2495 686 2547 semifero
728 2496 1028 2547 conectitur
1065 2495 1230 2547 ilibus
1271 2495 1486 2565 anguiS‚

182 2566 362 2635 Atque
401 2586 509 2620 uno
550 2572 731 2620 ternas
772 2569 976 2620 animas
1015 2569 1272 2620 interficit
1311 2568 1436 2620 ictu.

183 2640 320 2692 Tum
361 2659 520 2710 super
557 2642 827 2694 insultans
868 2643 1054 2695 avidus
1095 2642 1405 2712 languentia
1446 2660 1605 2694 curru

182 2713 425 2766 Membra
462 2716 590 2767 terit
629 2716 966 2785 multumque
1006 2720 1155 2768 rotae
1197 2734 1439 2784 sparsere
1479 2733 1736 2768 cruorem.

295 2786 540 2840 Occurrit
578 2808 676 2858 pro
717 2791 882 2842 fratre
922 2790 1116 2841 Mimas
1154 2789 1521 2858 Lemnumque
1563 2789 1822 2841 calentem

183 2860 318 2913 Cum
356 2861 467 2913 lare
504 2861 737 2916 Vulcani
777 2864 1153 2932 spumantibus
1194 2863 1332 2916 eruit
1370 2863 1528 2916 undis
1822 2875 1877 2914 86

1431 2951 1519 2994 17*
