2039 3235
517 93 986 139 ADNOTATIONES
1019 93 1315 143 CRITICAE.
1666 96 1765 140 LIX

74 231 162 271 214
195 226 252 270 de
283 226 372 270 hoc
403 239 561 283 versu,
601 239 739 282 quem
780 226 1144 272 emendatiorem
1183 228 1425 284 praestitit
1462 228 1765 285 Isengrinius,

193 284 331 329 mitto
365 285 426 328 ad
457 284 526 330 Bi.
558 285 702 341 praef.
735 299 780 341 p.
806 283 996 330 CXCIII.

74 349 160 388 220
193 344 523 402 Hennaeaque]
557 343 613 388 cf.
648 357 766 399 quae
800 343 994 399 exposui
1025 345 1085 388 ad
1117 345 1135 387 Ι
1163 350 1259 391 122.
1307 346 1582 390 Parrhasius
1607 348 1765 390 autem

190 418 302 446 num
332 403 583 447 lectionem
615 415 671 446 ex
701 401 836 445 libris
870 403 1198 460 manuscriptis
1234 405 1498 462 sumpserit,
1532 405 1649 450 mihi
1672 420 1765 450 non

192 463 400 516 constat3
435 464 508 506 est
537 463 694 505 tamen
730 460 825 504 veri
854 460 1023 506 simile.

70 526 156 564 241
189 521 452 579 decrescere]
471 519 766 564 retinendum
781 522 868 573 est3
887 520 1061 563 frustra
1078 520 1200 564 enim
1220 522 1345 578 apud
1365 522 1430 567 Bi.
1450 523 1628 568 conieci
1645 538 1763 568 mar—

189 594 368 635 cescere,
393 594 496 623 cum
520 579 616 622 iam
632 594 674 624 v.
694 583 779 622 247
803 578 990 634 legatur
1013 582 1273 624 marcebant
1297 594 1494 637 cumque
1520 584 1765 628 decrescere

189 652 279 683 vox
309 653 403 682 non
433 638 628 682 insolita
660 637 785 694 apud
820 637 1129 681 Claudianum
1162 639 1223 682 sit
1257 639 1313 683 cf.
1346 640 1414 684 Bi.
1448 640 1668 685 indicem.

70 702 155 741 249
190 698 309 756 quis]
344 711 448 740 cum
481 697 577 740 fere
610 696 823 740 omnibus
856 696 989 740 libris
1022 697 1179 754 recepi
1210 697 1351 754 idque
1384 698 1477 742 dici
1500 713 1636 755 posse
1663 700 1763 756 ipse

190 756 258 800 Bi.
294 755 502 800 ostendit
533 755 582 799 in
612 755 766 799 indice
801 770 834 798 s.
860 771 902 800 v.
937 757 1051 812 quis.

70 819 154 858 262
197 815 359 873 Vultu]
407 815 647 859 elisionem
692 828 910 858 excusare
959 815 1154 858 conatus
1203 817 1274 858 est
1323 815 1389 859 Bi.
1431 831 1476 872 p.
1519 815 1766 871 CCXVII[;

189 873 567 918 emendationem
612 873 840 917 librorum
877 875 907 916 ς
946 876 1064 918 ultro
1112 887 1261 930 paene
1309 875 1618 931 probaverim.
1683 876 1767 920 sed

187 932 522 989 praeamatCl.
557 946 832 988 componere
867 932 1080 976 ‘lumina'
1118 935 1165 976 et
1199 933 1418 977 ‘vultum’
1456 934 1512 979 cf.
1539 934 1633 978 ind.
1661 949 1694 979 S.
1726 949 1767 980 v.

71 995 158 1035 267
189 992 488 1050 nimiumque]
522 992 570 1034 in
601 993 688 1035 hoc
721 1005 904 1047 quoque
936 991 1037 1035 loco
1083 991 1347 1036 difficiliore
1388 1006 1440 1036 eo
1483 993 1672 1048 deveni,
1715 996 1767 1037 ut

186 1051 438 1095 lectionem
449 1051 673 1094 traditam
692 1064 936 1095 servarem.
966 1052 1241 1108 iamiamque
1254 1050 1531 1095 Cuiacianus
1547 1052 1764 1108 Claverii,

187 1110 318 1154 cuius
345 1109 675 1154 auctoritatem
701 1109 817 1153 satis
843 1109 1110 1166 profligavi3
1136 1113 1373 1168 vivumque
1390 1111 1625 1166 Barthius‚
1650 1111 1767 1167 item

186 1169 386 1213 fortasse
421 1171 451 1212 ς
482 1168 709 1225 nonnulli,
742 1169 869 1224 quod
893 1169 1031 1225 plane
1059 1169 1262 1213 otiosum
1287 1172 1368 1214 est.
1413 1172 1709 1227 timidumque
1735 1170 1764 1214 S

189 1228 337 1284 solus,
377 1241 470 1271 non
500 1228 570 1271 ita
600 1228 745 1280 male,
792 1228 874 1272 sed
905 1230 1064 1272 tamen
1096 1231 1148 1272 ut
1186 1243 1346 1272 verum
1387 1243 1488 1273 esse
1529 1229 1762 1285 diffidam3

186 1286 430 1344 praecedit
462 1286 586 1331 enim
616 1302 658 1332 v.
686 1291 770 1331 265
803 1288 1138 1343 tremebundus,
1181 1288 1305 1343 quod
1337 1288 1434 1331 iam
1464 1289 1589 1332 idem
1620 1289 1765 1345 valet,

186 1361 338 1402 neque
373 1347 444 1389 est
476 1361 556 1390 cur
585 1346 728 1390 timor
758 1346 846 1390 viri
889 1348 1157 1402 urgueatur.
1221 1349 1371 1390 restat
1409 1347 1548 1391 lectio
1587 1348 1766 1392 tradita

188 1420 328 1461 quam
361 1405 473 1449 dixi.
528 1406 839 1461 coniungatur
869 1407 1062 1450 nimium
1087 1406 1347 1463 profundo,
1393 1406 1654 1463 accipiatur
1692 1409 1764 1452 ηἰ-

187 1466 329 1509 miwm
360 1479 444 1521 pro
481 1464 675 1520 ‘valde’,
709 1464 1016 1521 intellegatur
1054 1465 1149 1508 ‘ore
1182 1465 1582 1521 profundissimo-².

68 1528 154 1568 312
189 1523 312 1567 hunc
343 1537 528 1567 versum
561 1523 721 1567 deesse
753 1523 876 1568 nolo.
932 1524 1079 1567 habet
1111 1523 1235 1567 enim
1266 1523 1546 1568 relationem
1579 1524 1640 1568 ad
1662 1538 1763 1568 ver-

187 1597 290 1626 sum
314 1587 421 1637 311,
464 1597 582 1637 quae
613 1585 759 1626 verba
799 1582 998 1638 querelis
1039 1581 1217 1626 Cereris
1259 1584 1445 1627 omnino
1485 1597 1579 1627 non
1618 1583 1763 1628 inter-

185 1641 422 1698 posuisset
446 1640 731 1685 Claudianus
766 1644 1013 1696 essentque
1037 1641 1175 1698 plane
1203 1655 1563 1698 supervacanea,
1596 1642 1689 1686 nisi
1713 1642 1763 1686 in

188 1700 489 1757 sequentibus
522 1701 834 1754 adluderetur,
867 1702 921 1744 ut
952 1714 1025 1744 me
1056 1703 1218 1745 monet
1249 1701 1439 1746 Birtius.

69 1764 154 1804 347
191 1761 319 1826 Coei]
349 1759 406 1804 cf.
438 1759 508 1804 Bi.
541 1760 686 1816 praef.
721 1759 946 1804 CXCVIII
975 1775 1019 1804 n.
1047 1764 1085 1805 8.

68 1823 154 1863 395
189 1819 510 1877 aversa]·cum
539 1819 637 1862 fere
670 1818 884 1863 omnibus
915 1819 1156 1875 rescripsi,
1204 1833 1315 1862 nam
1353 1819 1547 1876 pulchre
1588 1822 1677 1864 hoc
1718 1823 1765 1865 et

187 1877 411 1934 graphice
445 1877 731 1934 descriptum
755 1877 955 1934 videtur,
990 1878 1115 1934 quod
1141 1878 1277 1923 Ceres
1302 1878 1351 1921 in
1375 1879 1463 1922 hac
1487 1893 1535 1923 re
1550 1879 1764 1924 vfrontem

189 1936 417 1980 avertit.
622 1978 632 1985 ,

69 2000 154 2039 431
189 1996 413 2054 rotarum]
446 1997 572 2039 recte
605 2009 659 2039 ex
692 1995 721 2040 S
753 1995 931 2052 recepit
961 1995 1052 2051 Bi.;
1085 1998 1267 2042 viarum
1296 1995 1423 2040 enim
1446 1996 1524 2041 vel
1549 1996 1769 2055 displicet

187 2059 379 2112 propter
410 2070 450 2098 v.
479 2059 579 2113 440.
645 2085 657 2097 .

460 2203 769 2257 Carminum
800 2204 1068 2257 minorum
1108 2204 1386 2273 appendix.

594 2319 945 2376 Conspectus
979 2320 1249 2365 codicum.

75 2409 137 2453 R:
173 2408 277 2453 cod.
311 2408 592 2453 Veronensis
620 2413 704 2452 163
739 2409 931 2454 membr.
966 2423 1085 2454 saec.
1111 2408 1189 2454 IX.

69 2467 137 2511 V:
173 2467 275 2512 cod.
309 2466 569 2511 Vaticanus
601 2483 646 2513 n.
674 2471 789 2511 2809
821 2468 1013 2512 membr.
1049 2481 1166 2512 saec.
1193 2468 1291 2511 XII.

71 2526 142 2571 M:
177 2526 279 2570 cod.
313 2526 650 2571 Ambrosianus
682 2527 730 2569 M
756 2533 781 2571 9
815 2542 914 2584 sup.
948 2528 1139 2571 membr.
1173 2541 1290 2571 saec.
1317 2526 1553 2586 XIIJXIII.

70 2587 140 2687 ἐς
176 2585 378 2629 schedae
409 2585 733 2630 Peirescianae
767 2586 939 2630 codicis
972 2585 1191 2636 Vaticani
1224 2590 1353 2631 9135.

130 2663 140 2688 ε
174 2644 274 2688 cod.
309 2643 721 2701 Heidelbergensis
754 2649 855 2700 358,
879 2650 978 2700 440,
1011 2645 1214 2688 chartac.
1249 2659 1368 2690 saec.
1393 2645 1535 2691 XVII.

75 2704 287 2747 Camers:
322 2703 469 2747 editio
503 2703 753 2747 Claudiani
789 2704 1062 2748 Viennensis
1098 2708 1226 2749 1510.

72 2761 337 2807 Claverius:
371 2762 518 2807 editio
550 2762 765 2806 Parisina
799 2768 926 2808 1602.

71 2821 384 2878 Isengrinius:
420 2821 567 2866 editio
600 2821 884 2866 Basileensis
922 2826 1048 2866 1534.

70 2880 267 2925 Aldina:
302 2880 448 2924 editio
486 2880 659 2925 Aldina
693 2886 820 2926 1523.
