2044 3220
192 94 300 146 254
731 89 971 136 CLAVDII
1004 90 1330 136 CLAVDIANI

834 253 991 298 XLVI.
1028 254 1242 310 (LXXII.)

581 365 668 411 DE
711 363 1075 411 CHLAMYDE
1114 364 1199 411 ET
1239 363 1492 412 FRENIS.

266 464 393 516 Non
434 481 640 531 semper
681 461 836 530 clipei
874 462 1215 514 metuendum
1255 461 1507 532 gentibus
1549 462 1731 515 orbem

192 538 405 590 Dilecto
448 537 687 589 studiosa
726 554 918 604 parens
958 535 1255 587 fabricabat
1295 534 1526 606 Achilfi,‘

192 611 413 664 Lemnia
451 629 548 663 nec
590 628 796 678 semper
835 610 1059 678 supplex
1100 609 1333 661 ardentis
1373 609 1554 662 adibat

194 687 366 737 Antra
407 685 489 736 dei
527 688 655 736 nato
696 684 904 754 galeam
943 683 1149 735 factura
1189 687 1508 753 comantem,

196 759 298 812 Sed
335 758 575 828 placidos
616 758 777 809 etiam
817 757 1022 808 cinctus
1063 761 1115 808 et
1153 757 1306 808 mitia
1348 757 1495 826 pacis

196 832 520 885 Ornamenta
560 831 742 900 dabat,
781 831 923 882 bello
966 829 1161 898 quibus
1201 830 1292 882 ille
1330 834 1546 899 peracto

197 907 530 975 Conspicuus
570 923 722 974 reges
760 903 900 955 inter
937 903 1168 973 fulgeret
1206 903 1458 957 Achivos

194 980 317 1049 Ipsa
357 998 518 1031 manu
559 977 864 1046 chlamydes
905 981 1052 1029 ostro
1091 978 1307 1030 texebat
1347 982 1400 1030 et
1440 996 1593 1048 aur0,

193 1054 486 1122 Frenaque,
519 1069 652 1120 quae
681 1051 952 1103 volucrem
975 1050 1250 1103 Xanthum
1273 1051 1591 1120 Baliumque
1623 1052 1882 1122 decerent,

194 1127 441 1195 Aequore
484 1125 742 1194 quaesitis
784 1124 1039 1176 oneiabat
1079 1124 1261 1176 sedula
1300 1126 1538 1197 gemmis.
1826 1140 1879 1178 10

305 1200 381 1252 At
419 1200 523 1252 tibi
565 1199 807 1256 diversis
846 1198 1093 1266 princeps
1135 1198 1415 1268 altissime,
1455 1203 1660 1252 certant

198 1274 482 1342 Obsequiis
524 1272 707 1324 soceri.
773 1259 998 1324 Stilicho
1038 1272 1303 1324 Mavortia
1344 1273 1549 1325 confert

195 1348 439 1400 Munera:
479 1346 786 1398 barbaricas
829 1350 1034 1416 strages
1073 1345 1355 1414 Rhenique
1393 1346 1710 1416 triumphos

195 1422 434 1493 Reginae
474 1424 724 1473 contenta
762 1420 979 1471 modum
1020 1438 1227 1471 servare
1269 1419 1464 1472 Serena

192 1495 257 1549 In
295 1501 387 1548 tua
429 1495 690 1547 sollicitas
729 1497 886 1564 urget
925 1493 1188 1545 velamina
1227 1494 1376 1546 telas.
1828 1509 1880 1547 15

815 1638 995 1682 XLVII.
1029 1638 1267 1695 (Lxxin.)

655 1749 742 1796 DE
783 1746 960 1806 EQVO
1001 1746 1185 1796 DONO
1225 1747 1421 1796 DATO.

310 1847 352 1900 Ο
393 1848 522 1900 felix
564 1848 777 1915 sonipes
787 1891 799 1916 ,
838 1847 977 1898 tanti
1018 1847 1101 1898 cui
1140 1847 1290 1898 frena
1327 1847 1517 1898 mereri

195 1922 449 1975 Numinis
490 1926 543 1973 et
584 1921 747 1973 sacris
787 1921 940 1972 licuit
981 1920 1177 1971 servire
1217 1920 1438 1989 lupatiS,

197 1997 300 2049 Seu
339 2000 433 2047 tua
471 2013 566 2064 per
606 2013 821 2063 campos
860 1998 1020 2046 vento
1060 1994 1187 2045 iuba
1225 1994 1356 2045 lusit
1394 1993 1651 2065 Hiberos,
1703 2054 1706 2058 ¹

197 2070 300 2123 Seu
338 2073 393 2121 te
436 2069 809 2151 Cappadocum
849 2068 1023 2139 gelida
1064 2068 1163 2119 sub
1202 2068 1341 2123 valle
1378 2071 1652 2120 natantem

194 2144 437 2215 Argaeae
476 2143 652 2194 lavere
689 2142 863 2211 niveS,
905 2160 997 2194 seu
1034 2142 1175 2193 laeta
1216 2142 1426 2193 solebas
1853 2158 1878 2196 5

194 2218 500 2270 Thessaliae
539 2217 724 2284 rapido
763 2216 1122 2298 perstringere
1161 2234 1358 2284 pascua
1398 2233 1576 2268 cursu:

194 2292 391 2360 Accipe
429 2291 637 2361 regales
677 2291 853 2342 cultus
894 2294 946 2341 et
987 2290 1128 2341 crine
1170 2289 1445 2357 superbus

194 2366 389 2417 Erecto
429 2365 624 2416 virides
665 2364 868 2432 spumis
905 2363 1162 2431 perfunde
1203 2363 1525 2433 smaragdos.

195 2439 491 2490 Luxurient
530 2437 735 2490 tumido
776 2441 1043 2508 gemmata
1081 2437 1302 2489 monilia
1341 2437 1503 2506 coll0,

196 2512 412 2564 Nobilis
453 2515 668 2563 auratos
706 2512 813 2562 iam
851 2530 1087 2579 purpura
1124 2510 1320 2563 vestiat
1358 2528 1557 2579 armOS,
1825 2524 1879 2564 10

198 2586 273 2638 Et
311 2586 543 2638 medium
580 2590 633 2637 te
672 2604 805 2637 zona
844 2585 976 2655 liget
1015 2585 1219 2636 variata
1259 2585 1496 2636 colorum

198 2659 449 2711 Floribus
490 2663 541 2710 et
583 2663 757 2711 castae
795 2658 1043 2710 manibus
1085 2659 1272 2710 sudata
1311 2657 1558 2726 Serenae,

198 2733 481 2785 Persarum
521 2733 720 2802 gentile
761 2733 931 2784 decus
995 2731 1081 2784 Sic
1122 2732 1317 2799 quippe
1356 2730 1566 2782 laborat

199 2806 457 2859 Maternis
499 2807 689 2858 studiis
726 2825 824 2858 nec
864 2806 1179 2876 dedignatur
1218 2808 1488 2872 equestres

199 2880 382 2934 Moliri
420 2879 666 2948 phaleras
705 2898 899 2951 genero
940 2880 1115 2933 latura
1154 2879 1410 2933 decorem.
1583 2942 1590 2949 ι
1824 2890 1878 2931 15
