2029 3230
131 149 283 193 XXIV
582 143 1056 188 ADNOTATIONES
1089 142 1377 189 CRITICAE.

258 280 298 323 si
330 280 625 324 enuntiatum
657 290 821 332 regens
851 275 1111 320 efficeretur
1141 276 1295 321 verbis
1327 278 1485 320 mixtis
1518 312 1525 321 .
1555 312 1563 320 .
1593 311 1602 320 .
1634 277 1835 331 coronis,

256 339 606 394 inexpectatum
641 335 972 391 ingratumque
1011 335 1302 380 existumavi.
1365 335 1491 390 quod
1528 334 1609 390 qui
1642 336 1829 391 reputa-

255 398 400 450 verit,
423 396 621 439 fortasse
655 393 937 449 scripturam
968 408 1110 449 quam
1142 393 1295 438 obtuli
1329 393 1564 450 probabit.

140 462 223 500 201
258 456 328 513 on]
362 455 523 505 VPH3
557 455 650 498 m'si
680 452 863 507 reliqui.

139 521 223 559 241
256 514 469 571 Infirmo]
512 513 580 556 Bi.
621 511 868 568 proposuit
906 525 959 554 ac
999 510 1211 554 defendit
1248 511 1298 554 in
1337 511 1483 567 praef.
1515 526 1561 567 p.
1586 509 1687 554 CIV
1716 525 1760 555 n.
1788 514 1827 554 2.

257 575 319 618 In
344 574 497 629 primo
529 572 666 624 enim,
701 570 826 625 quod
857 569 1036 613 habent
1068 583 1226 614 omnes
1250 570 1376 620 libri,
1410 570 1514 626 quis
1540 583 1704 614 sanum
1729 581 1833 613 esse

259 632 350 675 sibi
373 630 684 688 persuadeat?
715 629 791 672 vel
816 628 919 684 quis
945 627 1148 672 Gesnero
1171 643 1255 685 pro
1283 629 1501 685 ‘primum
1525 629 1573 672 in
1595 627 1827 684 genitore’

262 689 516 746 accipienti
549 687 871 733 adsentiatur?

143 754 230 793 247
255 749 461 806 petisset]
518 748 640 791 hunc
694 745 1120 801 manuscriptorum
1174 760 1450 790 consensum
1496 749 1550 790 ut
1596 747 1834 790 desereret

258 808 459 851 Birtium
490 808 621 851 locus
654 805 826 848 Alcimi
857 804 986 848 Aviti
1019 820 1055 849 c.
1083 805 1145 848 VI
1169 810 1255 848 259
1295 819 1480 849 movere
1518 819 1612 849 non
1648 804 1831 858 debuit3

259 867 328 910 ibi
369 867 492 910 enim
531 865 673 909 verba
715 864 869 920 ‘signa
915 864 1100 919 petunt’
1150 864 1327 908 habent
1376 864 1468 908 sibi
1515 863 1834 908 accusativum

261 925 604 982 dependentem
646 922 1001 975 ‘adversarios’‚
1045 922 1122 966 hic
1163 925 1318 966 autem
1359 923 1399 966 si
1437 923 1568 980 legas
1611 923 1662 968 Si
1700 924 1835 980 simia

254 987 533 1042 petissent
563 985 711 1037 obvia,
742 982 967 1025 traditam
999 981 1249 1025 lectionem
1272 983 1350 1026 vix
1374 981 1718 1034 emendaveris3
1742 979 1839 1024 nisi

262 1043 388 1099 quod
421 1056 532 1086 sane
564 1040 814 1085 transitiva
846 1040 945 1084 sine
979 1040 1162 1084 obiecto
1196 1040 1311 1084 sat-is
1352 1041 1402 1084 in
1441 1040 1624 1084 deliciis
1663 1039 1834 1083 habuit

261 1105 405 1159 poeta
437 1101 524 1157 (Bi.
557 1100 702 1156 praef.
735 1115 780 1156 p.
808 1098 1041 1155 CCXXV).

142 1166 229 1206 299
256 1167 391 1219 patre
421 1161 607 1217 remoto]
642 1158 754 1214 quid
785 1159 962 1202 habeat
994 1157 1263 1202 offensionis
1288 1158 1363 1202 hic
1388 1158 1517 1202 locus
1543 1171 1729 1214 quaque
1757 1156 1838 1201 via

261 1219 496 1263 medelam
528 1219 775 1262 adsecutus
809 1218 918 1273 sim,
953 1217 1078 1273 apud
1113 1216 1178 1262 Bi.
1210 1217 1307 1260 iam
1339 1217 1603 1274 expositum
1635 1218 1719 1261 est.
1777 1216 1835 1258 de

262 1278 504 1335 participii
547 1277 789 1320 ‘remotus'
836 1276 886 1319 in
925 1276 1015 1319 fine
1055 1290 1212 1319 versus
1252 1276 1397 1332 positi
1437 1290 1524 1320 usu
1563 1277 1837 1332 praeamato

263 1338 319 1382 cf.
351 1339 539 1394 praeter
569 1335 725 1379 locum
756 1335 855 1378 illic
888 1334 1154 1378 adhibitum
1187 1335 1329 1379 etiam
1362 1335 1506 1379 Manl.
1531 1334 1707 1379 Theod.
1734 1337 1835 1387 247,

259 1396 405 1452 Nupt.
439 1400 494 1438 42
529 1396 577 1439 et
608 1399 715 1446 325,
763 1394 904 1450 Rapt.
936 1394 956 1436 Ι
989 1398 1095 1447 219,
1145 1394 1259 1437 Bell.
1285 1393 1423 1437 Goth.
1448 1398 1562 1448 421,
1611 1394 1676 1437 VI
1708 1406 1835 1437 conS.

260 1455 380 1499 Hon.
415 1459 522 1506 4473
569 1467 654 1496 nec
686 1453 886 1497 fortasse
935 1453 1032 1495 sine
1078 1452 1233 1496 fructu
1280 1452 1587 1496 conferendus
1628 1454 1699 1496 est
1738 1451 1836 1508 epi-

262 1513 452 1570 taphius
486 1511 750 1556 Constantii
783 1511 940 1555 Chlori
979 1511 1067 1555 hoc
1103 1511 1206 1568 ipso
1248 1525 1367 1554 anno
1402 1526 1429 1554 a
1461 1512 1748 1555 Mommseno
1787 1509 1839 1553 in

262 1573 463 1616 Hermae
479 1574 607 1615 tomo
625 1570 820 1614 XXVIII
837 1570 1004 1626 edituS,
1030 1570 1111 1613 ubi
1126 1585 1286 1614 versus
1303 1575 1380 1614 17:
1406 1572 1556 1615 tristes
1578 1574 1704 1615 stant
1720 1571 1840 1614 acies

261 1646 456 1689 wiayno
488 1633 715 1675 ductore
747 1635 962 1674 remoto.

142 1696 229 1735 330
262 1693 456 1736 dei-ictos
487 1692 635 1734 tenuit
663 1690 836 1744 fiducia
860 1688 1074 1746 Mauros]
1109 1687 1175 1731 sic
1207 1687 1419 1744 plerique
1444 1689 1492 1731 et
1517 1686 1684 1742 optimi
1712 1686 1838 1740 libri,

263 1752 426 1793 contra
457 1763 572 1805 quos
605 1750 790 1792 devictis
828 1749 997 1791 tumuit
1035 1749 1258 1791 dementia
1289 1747 1476 1791 Mauris
1519 1745 1696 1790 Bittius
1738 1747 1839 1789 sine

261 1809 543 1852 necessitate
566 1806 844 1863 praetulisse
861 1805 1067 1859 videtur3
1094 1806 1150 1850 cf.
1175 1806 1318 1849 etiam
1343 1805 1442 1848 eius
1468 1804 1836 1850 adnotationem.

144 1872 229 1913 347
263 1868 460 1925 Servati]
509 1867 598 1910 hac
643 1879 757 1909 voce
805 1864 1006 1908 offensus
1051 1864 1118 1910 Bi.
1162 1866 1344 1909 Devicti
1391 1863 1699 1920 excogitavit,
1749 1877 1839 1920 ego

261 1925 574 1970 rectissimam
618 1923 870 1968 lectionem
915 1923 1142 1966 traditam
1187 1926 1325 1979 put03
1381 1925 1435 1966 ut
1483 1923 1604 1967 enim
1654 1922 1839 1966 Firmus

261 1985 539 2036 Theodosio,
572 1984 642 2026 ita
672 1982 809 2027 Gildo
834 1982 1038 2026 Honorio
1073 1983 1132 2025 ad
1163 1982 1446 2026 vincendum
1478 1984 1690 2026 servatus
1723 1981 1770 2036 (i.
1799 1995 1838 2025 e.

262 2045 547 2100 reservatus)
579 2044 674 2097 est,
709 2056 800 2096 quo
832 2041 999 2085 melior
1029 2041 1213 2098 fulgeat
1243 2041 1395 2098 gloria
1427 2040 1590 2084 domus
1623 2040 1836 2085 Theodo-

264 2103 451 2146 siorum.
514 2104 720 2145 cet-erum
764 2101 928 2144 eodem
971 2115 1109 2144 sensu
1154 2113 1317 2144 vocem
1357 2100 1579 2143 ‘servare'
1622 2098 1844 2142 adhibuit

262 2164 405 2218 poeta
442 2161 492 2204 in
525 2161 650 2204 Eutr.
676 2160 720 2203 Π
744 2164 798 2202 36
819 2174 908 2214 sq.=
961 2160 1130 2216 Quam,
1172 2160 1388 2214 numina,
1413 2173 1612 2216 poenam
1647 2159 1843 2203 servatis

263 2223 446 2266 sceleri?

144 2285 230 2324 395
269 2279 464 2337 Occidit]
497 2278 654 2332 HBA,
694 2278 947 2322 Obtruncat
979 2291 1083 2320 cum
1111 2277 1225 2320 VCs
1250 2276 1440 2330 Birtius,
1473 2276 1555 2318 sed
1579 2275 1696 2330 ipse,
1725 2274 1842 2330 quia

262 2353 346 2394 per
392 2340 547 2381 totum
593 2335 889 2380 enuntiatum
936 2339 1121 2391 tempus
1166 2334 1475 2392 praeteritum
1521 2333 1730 2389 obtinet,
1780 2333 1840 2377 de

261 2397 465 2440 lectione
498 2395 706 2451 optimae
738 2393 963 2437 librorum
1001 2394 1161 2438 classis
1202 2393 1453 2437 dubitabat
1485 2395 1549 2449 (p.
1579 2391 1836 2446 CCXXHI).

143 2461 230 2500 402
264 2456 380 2513 Hic]
407 2456 536 2499 Hinc
559 2454 600 2496 V
618 2453 696 2508 ¹P3
724 2453 807 2496 sed
831 2453 951 2496 illud
969 2467 1072 2496 cum
1090 2453 1123 2497 C
1141 2453 1339 2496 maxime
1357 2451 1557 2506 restitui,
1585 2451 1840 2496 Gesnerum

265 2516 450 2558 secutus
498 2512 629 2556 cuius
676 2512 820 2556 verba
867 2512 1077 2568 adpono:
1130 2512 1247 2555 ‘Sed
1295 2509 1609 2555 excusationis
1657 2508 1840 2565 aliquid

266 2573 436 2616 habuit
460 2574 643 2624 Atreus,
677 2570 758 2627 qui
789 2585 838 2614 se
862 2570 1094 2627 Thyestae
1127 2570 1425 2620 adulterium,
1457 2570 1508 2612 in
1533 2568 1730 2624 coniuge
1757 2581 1844 2612 sua

262 2634 445 2687 A’erope
486 2630 766 2685 admissum,
815 2629 966 2674 ultum
1008 2629 1149 2673 ierit.'
1221 2630 1317 2674 Hic
1363 2630 1518 2672 autem
1555 2627 1586 2672 i.
1619 2640 1656 2672 e.
1694 2625 1841 2683 ‘apud

263 2690 487 2733 Firmum’
520 2691 687 2743 odium,
719 2702 814 2733 non
839 2702 991 2745 poena
1020 2690 1127 2743 fuit.

143 2755 232 2794 414
263 2750 392 2806 dum]
441 2750 604 2792 contra
641 2747 727 2790 VP
769 2750 848 2803 qui
886 2747 1115 2802 praebent
1151 2762 1275 2802 cum,
1323 2745 1501 2802 recepi3
1547 2744 1668 2788 illud
1715 2742 1841 2787 enim

267 2821 463 2863 semper,
496 2807 585 2850 hoc
615 2806 766 2849 rarius
799 2805 1108 2849 indicativum
1137 2805 1363 2862 postulat.

144 2873 229 2911 441
264 2867 412 2924 oncri]
445 2868 596 2911 ovium
622 2865 663 2908 V
697 2865 843 2920 SOluS,
888 2879 1028 2920 quam
1066 2864 1318 2908 lectionem
1358 2863 1449 2907 etsi
1487 2860 1722 2918 sagaciter
1761 2860 1840 2904 de-

265 2925 456 2969 fendere
489 2923 727 2981 proximus
761 2922 914 2967 editor
939 2926 1134 2967 conatus
1160 2926 1245 2976 est,
1277 2925 1437 2966 tamen
1459 2921 1672 2976 accipere
1693 2918 1841 2963 nolui.
