2044 3220
185 65 518 111 CARMINVM
549 63 842 109 MINORVM
874 65 1338 121 CORPVSCVLVM,
1371 80 1408 111 c.
1434 67 1647 114 L—LIII.
1711 69 1819 120 257

127 199 357 251 ‘Hucine
397 199 641 251 mortalis
679 217 964 269 progressa
1002 201 1246 268 potentia
1285 202 1477 253 curae?

201 271 316 324 Iam
355 291 503 324 meus
542 273 599 324 in
637 272 818 342 fragili
857 273 1061 324 luditur
1102 275 1228 326 orbe
1268 274 1462 326 labor?

127 344 252 397 Iura
290 347 403 414 poli
442 364 723 413 rerumque
763 345 922 396 fidem
961 346 1212 416 legesque
1254 348 1472 400 deorum
1794 365 1820 401 5

202 419 341 471 Ecce
383 418 696 487 Syracusius
736 419 1015 470 transtulit
1056 423 1168 471 arte
1214 439 1386 473 senex.

127 491 374 544 Inclusus
414 493 575 544 variis
614 492 907 543 famulatur
947 493 1168 560 spiritus
1210 495 1369 545 astris

203 565 276 617 Et
314 566 495 617 vivum
535 566 692 617 certis
731 565 970 617 motibus
1010 570 1166 635 urget
1207 585 1354 634 opus.

127 639 398 691 Percurrit
436 639 713 708 proprium
751 639 1009 690 mentitus
1052 638 1286 709 Signifer
1326 659 1545 703 annum,

202 713 275 764 Et
317 713 568 764 simulata
605 730 746 764 novo
790 711 1021 780 Cynthia
1060 730 1240 764 mense
1281 713 1439 782 redit⁷
1767 730 1825 768 m

127 785 348 854 Iamque
388 805 543 838 suum
581 786 802 837 volvens
842 786 1013 837 audax
1053 786 1316 837 industria
1356 787 1614 839 mundum

205 859 412 911 Gaudet
452 863 504 911 et
543 859 776 910 humana
817 859 988 910 sidera
1026 863 1203 911 mente
1243 860 1395 930 regit.

130 932 271 994 Quid
309 933 447 985 falso
487 933 757 985 insontem
796 933 1004 984 tonitru
1045 932 1328 985 Salmonea
1366 934 1568 985 miror?

202 1006 429 1058 Aemula
468 1010 690 1058 naturae
729 1025 891 1074 parva
932 1010 1142 1074 reperta
1182 1007 1405 1058 manue.9

733 1211 825 1255 LII.
881 1210 1215 1267 (Lxxxvm.)

752 1335 841 1382 DE
883 1333 1198 1382 LANARIO.

127 1446 386 1499 Sordidus
428 1465 490 1498 ex
530 1448 726 1499 umeris
766 1448 907 1499 nodo
950 1447 1209 1522 dependet
1250 1447 1502 1514 amictus3

126 1520 460 1573 Exercentur
500 1521 650 1588 equis
691 1524 743 1572 et
784 1521 922 1572 colla
963 1521 1230 1572 comantia
1268 1523 1503 1588 pectunt.

769 1724 882 1768 Lm.
918 1722 1192 1780 <xxxvn.)

691 1847 1267 1897 GIGANTOMAOHIA.

243 1960 407 2028 Terra
446 1979 639 2028 parens
682 1960 950 2027 quondam
992 1961 1311 2012 caelestibus
1351 1960 1530 2012 invida
1570 1960 1750 2029 regnis

132 2034 492 2102 Titanumque
533 2034 695 2085 simul
736 2034 950 2085 crebros
989 2031 1241 2086 miserata
1282 2034 1492 2086 dolores

131 2107 326 2159 Omnia
365 2108 711 2160 monstrifero
754 2108 1056 2176 complebat
1096 2107 1320 2158 Tartara
1359 2108 1474 2158 fetu

133 2180 375 2232 Invisum
414 2182 661 2251 genitura
699 2182 851 2232 nefas
890 2181 1285 2251 Phlegramque
1322 2181 1516 2232 retexit

135 2254 308 2306 Tanta
347 2255 498 2323 prole
537 2258 750 2306 tumens
791 2258 842 2306 et
881 2255 938 2306 in
978 2255 1192 2306 aethera
1230 2254 1460 2321 protulit
1499 2253 1699 2306 hostes,
1802 2268 1829 2306 5

133 2327 222 2379 Fit
263 2346 447 2380 sonus:
489 2332 774 2397 erumpunt
815 2329 987 2380 crebri
1024 2328 1355 2395 necdumque
1388 2327 1560 2379 >creati

136 2400 251 2452 Iam
291 2402 505 2453 dextras
545 2403 597 2453 in
640 2403 782 2453 bella
820 2405 1012 2470 parant
1054 2419 1381 2469 superosque
1420 2401 1691 2452 lacessunt

135 2474 377 2527 Stridula
415 2476 693 2527 volventes
733 2476 946 2546 gemino
986 2475 1215 2545 vestigia
1254 2475 1422 2542 lapsu.

136 2548 446 2600 Pallescunt
488 2549 668 2601 subito
710 2550 897 2600 stellae
935 2549 1208 2616 flectitque
1249 2548 1501 2599 rubentes

136 2621 388 2673 Phoebus
429 2641 594 2690 equos
636 2622 921 2690 docuitque
960 2623 1122 2674 timor
1160 2640 1407 2673 revocare
1446 2623 1668 2672 meatus
1775 2635 1831 2672 10

140 2693 411 2746 Oceanum
449 2696 585 2763 petit
624 2696 820 2748 Arctos
859 2695 1230 2762 inocciduique
1270 2695 1493 2747 Triones

141 2767 402 2819 Occasum
443 2769 668 2821 didicere
708 2770 834 2838 pati.
898 2769 1035 2820 Tum
1074 2769 1276 2820 fervida
1317 2772 1475 2820 natos

139 2840 364 2893 Talibus
403 2842 653 2895 hortatur
691 2843 934 2914 genetrix
974 2843 1031 2894 in
1069 2843 1272 2910 proelia
1312 2842 1490 2894 dictis:

232 2937 465 2969 CLAvnmm
490 2937 602 2979 Omn,
627 2939 683 2970 od.
709 2938 855 2970 Koch.
1424 2931 1475 2971 17
