2085 3215
218 138 282 187 12
752 133 820 177 CL
830 131 995 176 AVDII
1027 131 1356 176 CLAVDIANI

212 270 335 323 Nox
376 269 562 339 genuit
602 267 735 318 fetu:
775 266 960 317 nutrix
999 266 1281 318 Discordia
1320 267 1464 336 belli,
1837 280 1893 318 30

213 344 507 412 Imperiosa
545 341 757 409 FameS,
797 340 905 391 leto
946 339 1122 391 vicina
1163 339 1418 392 Senectus

212 416 611 485 Impatiensque
652 413 735 464 sui
775 412 997 464 Morbus
1036 413 1303 481 Livorque
1345 412 1590 464 secundis

213 490 423 542 Anxius
464 493 515 540 et
557 487 723 538 scisso
764 505 1003 538 maerens
1043 487 1303 538 velamine
1342 486 1544 537 Luctus

213 564 286 615 Et
326 563 510 614 Timor
550 565 602 612 et
643 578 796 612 caeco
835 577 1086 628 praeceps
1127 559 1366 610 Audacia
1406 559 1560 610 vultu

214 637 288 689 Et
318 636 502 687 Luxus
534 634 822 703 populator
855 652 1030 701 opum,
1065 651 1221 700 quem
1254 650 1460 700 semper
1492 632 1782 685 adhaerens
1845 646 1901 685 35

213 709 409 762 Infelix
447 708 640 760 humili
680 725 868 777 gressu
909 705 1196 757 comitatur
1234 706 1481 776 EgestaS,

215 783 496 850 Foedaque
537 780 812 832 Avaritiae
854 779 1159 848 complexae
1197 783 1415 847 pectora
1453 779 1643 830 matris

213 856 492 909 Insomnes
531 856 694 924 longo
734 853 957 904 veniunt
997 853 1238 905 examine
1281 852 1462 904 Curae.

218 929 567 998 Complentur
605 927 752 978 vario
792 927 990 978 ferrata
1031 926 1220 978 sedilia
1260 930 1414 978 coetu

217 1004 495 1070 Torvaque
537 1001 776 1053 collectis
818 1000 1052 1068 stipatur
1092 1000 1238 1051 curia
1276 1000 1548 1051 monstris,
1847 1012 1904 1052 40

215 1077 426 1129 Allecto
468 1075 620 1127 stetit
661 1075 718 1125 in
756 1074 946 1125 mediis
984 1074 1286 1143 vulgusque
1325 1077 1500 1124 tacere
1621 1113 1626 1117 .

215 1150 382 1202 Iussit
423 1152 475 1200 et
516 1148 793 1199 obstantes
834 1147 891 1198 in
929 1150 1142 1217 tergum
1180 1147 1416 1215 reppulit
1456 1152 1656 1216 angues

215 1224 422 1290 Perque
461 1239 673 1273 umeros
714 1238 887 1272 errare
929 1220 1086 1271 dedit.
1164 1220 1301 1271 Tum
1350 1220 1504 1271 corde
1546 1220 1644 1271 sub
1685 1219 1793 1270 imo

216 1297 486 1350 Inclusam
525 1294 728 1346 rabidis
767 1294 1021 1362 patefecit
1060 1293 1283 1345 vocibus
1322 1293 1483 1345 iram:

330 1368 535 1421 ‘Sicine
574 1367 869 1435 tranquillo
908 1367 1131 1435 produci
1173 1367 1382 1418 saecula
1423 1385 1596 1435 curm,
1849 1379 1905 1417 45

220 1444 307 1497 Sic
346 1443 650 1494 fortunatas
689 1441 956 1510 patiemur
994 1440 1171 1492 vivere
1211 1440 1434 1510 gentes?

219 1517 364 1580 Quae
402 1534 542 1568 nova
583 1515 821 1583 corrupit
858 1518 1076 1566 nostros
1118 1514 1400 1565 clementia
1439 1513 1656 1565 mores?

220 1591 335 1653 Quo
375 1589 551 1641 rabies
592 1589 777 1640 innata
815 1587 992 1656 perit‘?
1049 1587 1179 1655 quid
1217 1587 1398 1638 inania
1436 1590 1664 1655 prosunt

216 1663 491 1716 Verbera?
533 1662 661 1729 quid
699 1661 907 1712 facibus
945 1661 1272 1728 nequiquam
1312 1661 1579 1730 cingimur
1617 1659 1786 1711 atris?

218 1737 339 1790 Heu
376 1736 540 1788 nimis
581 1736 827 1805 ignavae7
868 1753 999 1801 quas
1039 1732 1282 1802 Iuppiter
1322 1738 1465 1785 arcet
1506 1733 1751 1803 Olymp0‚
1851 1747 1908 1786 5ο

219 1810 551 1862 Theodosius
590 1808 763 1860 terris
841 1808 928 1859 En
967 1826 1125 1859 aurea
1162 1807 1404 1859 nascitur
1443 1811 1605 1876 aetaS‚

218 1885 305 1936 En
343 1883 521 1952 proles
562 1882 784 1948 antiqua
823 1881 974 1933 redit.
1056 1880 1605 1949 Concordia7-Virtus

222 1958 460 2025 Cumque
498 1955 628 2007 Fide
667 1955 848 2006 Pietas
889 1955 998 2006 alta
1039 1955 1239 2006 cervice
1278 1958 1544 2024 vagantur

217 2031 596 2101 Insignemque
637 2032 834 2080 canunt
871 2032 1059 2080 nostra
1099 2028 1160 2079 de
1198 2028 1353 2096 plebe
1391 2026 1738 2096 triumphum.

218 2105 324 2157 Pro
366 2104 538 2155 dolor!
580 2103 696 2171 ipsa
736 2102 871 2153 mihi
910 2101 1145 2170 liquidas
1187 2101 1402 2170 delapsa
1439 2120 1535 2169 per
1573 2119 1729 2153 auras
1852 2115 1907 2152 55

220 2178 438 2230 Iustitia
477 2177 705 2228 insultat
742 2175 999 2243 vitiisque
1040 2194 1070 2226 a
1109 2174 1277 2243 stirpe
1315 2174 1502 2226 recisis

220 2252 388 2304 Elicit
429 2268 709 2319 oppressas
749 2249 1033 2300 tenebroso
1075 2266 1281 2300 carcere
1320 2248 1479 2318 leges,

220 2325 294 2377 At
331 2343 432 2376 nos
472 2323 745 2375 indecores
784 2323 948 2392 longo
987 2322 1322 2390 torpebimus
1362 2339 1490 2374 aevo

224 2398 485 2450 Omnibus
526 2397 723 2448 eiectae
762 2396 965 2466 regnis!
1042 2395 1338 2465 Agnoscite
1376 2395 1591 2446 tandem

224 2471 363 2533 Quid
399 2470 590 2522 Furias
632 2470 834 2539 deceat3
875 2472 1156 2520 consuetas
1197 2468 1391 2520 sumite
1429 2468 1570 2519 vires
1851 2480 1907 2519 60

225 2544 608 2611 Conventuque
645 2543 796 2595 nefas
836 2545 988 2594 tanto
1034 2542 1297 2594 decernite
1338 2541 1573 2611 dignum.

220 2617 336 2670 Iam
376 2617 530 2685 cupio
572 2615 780 2686 Stygiis
819 2615 1067 2668 invadere
1103 2615 1340 2667 nubibus
1380 2617 1538 2682 astra,

222 2690 336 2743 Iam
374 2691 507 2741 flatu
544 2690 746 2742 violare
787 2690 941 2758 diem,
979 2689 1159 2740 laxare
1197 2687 1462 2756 profundo

222 2764 395 2816 Frena
432 2763 591 2831 mari,
630 2763 824 2814 fluvios
863 2762 1038 2831 ruptis
1077 2762 1348 2813 inmittere
1388 2760 1522 2829 ripis

224 2838 299 2889 Et
338 2855 515 2888 rerum
554 2855 743 2888 vexare
783 2836 982 2887 fidem'.
1849 2847 1904 2885 65

1069 2907 1158 2960 Sic
1195 2908 1308 2959 fata
1348 2910 1626 2959 cruentum
