2044 3220
230 106 336 157 164
767 103 1013 147 CLAVDII
1045 101 1377 148 CLAVDIANI

228 239 441 293 Semina
481 242 772 308 praerupto
815 238 1074 291 dissolvat
1112 237 1386 307 Aquarius
1425 238 1609 291 imbre.

225 314 488 366 Phrixeus
529 331 683 365 roseo
724 313 986 382 producat
1025 312 1202 365 fertile
1243 331 1410 365 cornu

226 388 336 439 Ver
375 387 531 440 Aries
540 432 553 457 7
592 387 820 458 pingues
858 405 957 439 nec
995 387 1254 457 grandine
1293 386 1487 439 tundat
1527 386 1697 439 olivas

228 462 506 532 Scorpius3
546 462 791 514 autumni
830 464 1064 514 maturet
1103 460 1345 531 germina
1382 460 1576 532 Virgo,

227 536 424 588 Lenior
465 540 516 588 et
556 535 792 607 gravidis
833 535 1061 587 adlatret
1102 535 1273 588 Sirius
1313 534 1468 587 uviS.⁹

341 609 427 663 Sic
467 611 612 662 fatus
655 609 854 662 croceis
894 612 1137 662 rorantes
1176 609 1396 680 ignibus
1437 611 1588 661 ortus

227 683 535 755 Ingreditur
573 684 874 752 vallemque
916 702 1090 753 suam,
1132 702 1292 751 quam
1330 684 1609 735 flammeus
1649 682 1818 737 ambit

227 759 397 811 Rivus
438 762 491 810 et
530 758 759 829 inriguis
798 759 1010 828 largum
1048 757 1205 809 iubar
1242 758 1441 827 ingerit
1480 757 1662 810 herbis
1672 801 1686 827 ‚

229 833 372 895 Quas
414 832 555 885 Solis
595 836 888 901 pascuntur
929 832 1072 901 equi3
1112 831 1470 902 flagrantibus
1508 831 1630 884 inde

230 907 530 959 Caesariem
571 907 727 958 sertis
769 910 820 958 et
859 906 1005 958 lutea
1044 905 1160 957 lora
1197 905 1460 974 iubasque

229 980 480 1052 Subligat
520 981 802 1049 alipedum.
868 979 1083 1033 Gelidas
1122 980 1249 1032 hinc
1285 979 1501 1032 Lucifer
1541 983 1718 1050 ornat⁷

227 1055 369 1107 Hinc
408 1054 620 1106 Aurora
661 1073 839 1106 comas
878 1054 1135 1122 iuxtaque
1175 1053 1381 1106 adludit
1420 1054 1644 1106 habenis

227 1128 438 1180 Aureus
480 1132 532 1180 et
571 1147 768 1180 nomen
805 1128 1107 1197 praetendit
1148 1128 1384 1180 consulis
1423 1126 1636 1180 Annus:

226 1202 395 1271 Inque
434 1221 604 1254 novos
643 1203 840 1254 iterum
880 1201 1125 1254 revoluto
1167 1201 1378 1254 cardine
1420 1220 1606 1254 cursus

229 1276 483 1330 Scribunt
524 1277 774 1329 aetheriis
816 1275 1168 1328 Stilichonem
1210 1275 1382 1328 sidera
1420 1276 1591 1328 fastis

479 1737 584 1796 DE
635 1735 1107 1795 CONSVLATV
1157 1734 1671 1798 STILICHONIS.

561 1886 764 1933 LIBER
805 1885 1103 1934 TERTIVS.
1181 1883 1577 1933 PRAEFATIO.

972 1996 1173 2055 (xxm.)

222 2089 395 2141 Maior
437 2087 731 2157 ScipiadeS‚
770 2088 925 2140 Italis
967 2088 1059 2156 qui
1100 2087 1247 2139 solus
1287 2087 1353 2138 ab
1397 2087 1504 2139 oris

295 2162 361 2215 In
397 2164 676 2231 proprium
715 2162 877 2214 vertit
916 2162 1119 2214 Punica
1158 2161 1300 2213 bella
1340 2164 1522 2231 caput,

220 2237 348 2290 Non
387 2237 499 2288 sine
538 2237 728 2288 Pieriis
770 2236 1005 2288 exercuit
1045 2235 1253 2287 artibus
1294 2253 1462 2289 arma:

299 2311 518 2379 Semper
557 2314 670 2362 erat
709 2314 895 2362 vatum
933 2310 1165 2361 maxima
1206 2327 1332 2361 cura
1371 2309 1505 2361 duci.

226 2383 433 2436 Gaudet
474 2385 615 2436 enim
654 2384 827 2435 virtus
867 2387 1032 2435 testes
1074 2383 1178 2435 sibi
1217 2383 1438 2453 iungere
1476 2381 1682 2451 Musas3

298 2458 524 2510 Carmen
564 2461 707 2510 amat
748 2457 992 2525 quisquis
1034 2457 1265 2509 carmine
1305 2457 1465 2526 digna
1505 2455 1657 2525 gerit.

220 2531 370 2601 Ergo
412 2551 505 2583 seu
543 2531 734 2600 patriis
773 2532 1075 2599 primaeVus
1114 2531 1363 2582 manibus
1402 2529 1549 2580 ultor

298 2605 559 2658 Subderet
599 2605 902 2674 Hispanum
941 2605 1153 2674 legibus
1194 2603 1484 2671 Oceanum,

223 2677 327 2730 Seu
367 2678 556 2746 Tyrias
598 2683 741 2731 certa
780 2679 1047 2730 fracturus
1090 2677 1305 2745 cuspide
1343 2676 1483 2728 vires

296 2750 523 2803 Inferret
562 2753 765 2821 Libyco
809 2753 961 2822 signa
1000 2751 1273 2803 tremenda
1311 2750 1468 2802 mari:

220 2825 492 2877 Haerebat
533 2825 720 2878 doctus
759 2825 915 2878 lateri
955 2825 1250 2893 castrisque
1290 2823 1498 2876 solebat

296 2897 557 2951 Omnibus
597 2900 655 2952 in
692 2900 893 2952 medias
931 2899 1142 2951 Ennius
1181 2899 1257 2950 ire
1296 2898 1469 2950 tubas

1834 475 1916 517 465

1833 845 1922 886 470

1833 1215 1920 1256 475

1856 2764 1911 2803 10
