2039 3235
115 109 222 155 LVI
567 105 1038 151 ADNOTATIONES
1070 101 1362 151 CRITICAE.

237 254 357 297 quae
391 239 606 296 exposuit
628 238 804 282 Birtius
836 237 883 281 11]
907 238 1054 294 praef.
1086 253 1132 295 p.
1158 237 1308 294 CLIV,
1340 238 1503 295 utique
1528 239 1682 283 Aetna
1710 237 1810 282 sive

236 301 466 344 Aetnaeus
482 298 732 342 lectionem
748 296 1047 341 reficiendam
1064 311 1340 354 proponens.
1374 297 1499 352 quod
1517 299 1676 341 autem
1687 297 1709 340 I
1724 301 1811 341 160

242 372 269 401 0
296 357 455 402 00(1100
482 357 516 399 F
543 357 641 401 solo
659 357 873 401 Hemwos
895 369 978 413 pro
1003 359 1227 401 Aetnaeos
1251 356 1478 400 traditum
1500 355 1728 412 videmus,
1760 355 1812 399 id

236 416 411 460 nullius
445 416 669 460 momenti
701 418 793 469 est·
834 430 943 459 nam
982 415 1065 458 illo
1105 415 1207 459 loco
1241 417 1297 459 de
1329 416 1484 459 Aetna
1523 417 1571 459 et
1610 415 1669 460 de
1708 414 1813 459 eius

236 476 428 531 regione
477 488 616 531 agere
664 477 855 541 poetam
894 474 943 517 in
980 474 1229 530 propatulo
1271 478 1355 518 est.
1422 473 1623 529 denique
1659 473 1811 530 prius-

235 547 376 590 quam
407 532 545 578 huius
578 533 920 589 disquisitionis
953 532 1092 576 finem
1124 533 1308 588 faciam,
1343 546 1434 588 qua
1464 546 1514 577 re
1546 532 1663 577 haec
1686 531 1812 576 inter

235 592 390 638 varias
430 592 656 637 lectiones
704 591 996 636 diiudicandi
1043 591 1295 635 difficultas
1334 605 1439 635 mea
1478 591 1669 647 quidem
1708 605 1815 636 sen-

236 651 389 695 tentia
421 654 671 708 augeatur,
715 666 809 695 non
847 653 1044 695 taceam.
1108 649 1391 694 Claudianus
1431 651 1557 694 enim
1597 650 1694 695 sive
1731 663 1811 717 ne-

237 710 478 767 glegentia
512 710 608 754 sive
650 711 844 754 licentia
883 710 1086 765 quadam
1123 709 1311 765 poetica
1354 710 1601 753 abductus·
1624 708 1814 766 saepius

239 783 338 813 rem
369 769 439 813 ita
470 771 644 824 narrat,
677 769 812 825 quasi
835 768 1061 813 Hennaea
1090 767 1219 824 regio
1245 769 1410 812 eadem
1434 771 1574 824 atque
1599 769 1814 813 Aetnaea
1846 805 1850 808 .

238 828 302 872 sit
333 831 415 872 aut
445 828 639 885 paulum
670 830 867 871 tantum
888 828 945 871 ab
972 841 1028 871 ea
1052 827 1268 872 abfuerit.
1324 827 1391 871 sic
1416 827 1473 871 de
1497 826 1834 871 vicinitate-

236 887 404 931 horum
433 888 643 932 locorum
675 886 867 943 exponit
889 885 953 930 ΠΙ
979 891 1063 930 122
1086 901 1152 941 sq.
1179 889 1226 929 et
1252 890 1336 930 186
1355 901 1449 942 sq.;
1482 886 1549 930 510
1572 888 1814 930 Aetnaeae

234 946 782 1051 {gmifsseissffifflss
792 946 976 1050 ¹133ss
979 946 1302 1058 77173011ῗὲ
1308 945 1814 1060 maffia-53²2&

238 1020 357 1120 (1111160
385 1021 570 1120 7110οῒ00
613 1063 911 1109 incuriositas
956 1064 1117 1107 confus
1100 1020 1372 1107 101101οΡ3.ᾳο
1413 1078 1506 1119 qua
1545 1065 1704 1108 actum
1742 1019 1817 1106 :alst

236 1124 476 1180 paravisse
510 1123 628 1166 mihi
660 1122 848 1178 quidem
878 1122 1086 1177 videt-ur,
1117 1122 1262 1166 habet
1295 1125 1450 1166 autem
1486 1137 1542 1167 ex
1571 1124 1704 1179 parte
1738 1136 1812 1166 ex-

238 1181 541 1238 cusationem,
575 1181 616 1224 si
645 1181 935 1248 reputaveris
974 1159 1098 1237 apud
1131 1181 1381 1237 scriptores
1412 1183 1645 1227 Aetnaeus
1674 1194 1814 1225 voca-

236 1241 401 1284 bulum
439 1240 608 1284 latiore
649 1240 917 1297 significatu
956 1255 1039 1295 pro
1070 1239 1259 1286 Siculus
1296 1241 1425 1284 haud
1462 1254 1567 1285 raro
1607 1240 1815 1298 positum

238 1314 339 1344 esse
370 1299 444 1355 (cf.
471 1256 755 1344 Drakenbgn
741 1300 801 1342 ad
836 1299 913 1342 Sil.
941 1299 1129 1356 11304).

122 1363 243 1403 1245
227 1360 316 1418 <q.]
349 1358 398 1402 in
428 1358 809 1415 interpunctione
835 1358 1173 1402 Buechelerum
1204 1360 1388 1402 secutus
1421 1373 1536 1404 sum.

121 1430 208 1468 143
243 1426 419 1483 iuncta]
452 1439 621 1482 maysna
652 1424 733 1479 W,
781 1438 879 1469 una
916 1423 1106 1479 reliqui,
1157 1438 1213 1468 ex
1256 1438 1347 1479 quo
1386 1426 1480 1469 ima
1516 1424 1644 1468 refici
1681 1407 1818 1468 iubet

236 1483 471 1528 Heinsius.
541 1483 706 1527 eadem
746 1483 802 1526 de
849 1483 1051 1527 lectione
1097 1482 1394 1539 proficiscens
1439 1486 1601 1528 iuncta
1639 1482 1815 1526 Bittius

236 1542 483 1600 proposuit
507 1543 692 1586 conlato
720 1542 916 1585 Sallusti
939 1542 1042 1586 loco
1070 1545 1281 1598 cognato·
1297 1542 1435 1598 (Hist
1453 1542 1517 1586 IV
1535 1544 1625 1600 20).
1673 1555 1814 1608 quarn

179 1642 186 1648 .
237 1602 557 1645 coniecturam
603 1602 698 1644 iam
743 1601 928 1657 pridem
975 1601 1092 1644 mihi
1132 1602 1425 1644 adridentem
1463 1615 1586 1645 nunc
1627 1599 1815 1666 egregie

238 1661 501 1705 confirmari
531 1660 717 1704 invenio
749 1660 853 1704 1000
888 1659 1025 1704 Ovidi
1057 1660 1186 1716 (Met.
1213 1660 1299 1703 XV
1323 1664 1410 1704 290
1428 1664 1568 1716 sqq.‚)
1602 1674 1740 1716 quem
1774 1658 1815 1703 si

239 1719 583 1776 comparaveris
615 1721 827 1763 nostrum
859 1721 968 1762 ante
1001 1719 1157 1763 oculos
1191 1719 1411 1763 habuisse
1453 1719 1655 1767 fortasse
1694 1717 1815 1762 mihi

238 1779 478 1823 concedes.
533 1778 694 1834 itaque
725 1780 916 1834 plenum
948 1777 1204 1834 exprimere
1235 1777 1443 1822 liceat:

740 1866 909 1910 Zancle
940 1880 1110 1923 quoque
1141 1868 1338 1910 iuncta
1369 1868 1550 1921 fuisse

281 1925 518 1970 Dicitur
549 1926 783 1980 Italiae,
815 1926 954 1978 donec
985 1926 1245 1979 confinia
1271 1931 1480 1981 pontus

281 1986 543 2030 Abstulit
575 1990 616 2029 et
646 1986 794 2029 media
826 1985 1028 2046 tellurem
1058 1985 1261 2040 reppulit
1290 1986 1432 2029 unda.

240 2073 409 2129 quibus
441 2072 653 2116 versibus
691 2073 730 2116 51
761 2072 1008 2116 Claudiani
1046 2071 1201 2116 locum
1240 2074 1405 2116 contra
1441 2071 1654 2128 posueris
1692 2071 1812 2117 nihi]

237 2133 333 2176 iam
366 2132 633 2175 addendum
665 2131 775 2190 erit:
1446 2174 1451 2178 .

1040 2190 1288 2235 Trinacria
1312 2191 1549 2247 quondam

282 2251 497 2295 Italiae
522 2264 661 2307 pars
691 2252 890 2295 iuncta
920 2250 1062 2304 fuit,·
1091 2251 1169 2293 sed
1193 2255 1401 2306 pontus
1431 2255 1473 2306 et
1502 2254 1652 2294 aestus

282 2310 521 2355 Mutavere
552 2311 701 2354 situm.
758 2310 939 2365 Rupit
970 2309 1232 2362 confinia
1262 2309 1476 2353 Nereus
1507 2322 1602 2363 eqs,

121 2403 206 2441 195
240 2398 343 2455 tzbi]
377 2397 545 2454 recepi,
579 2397 691 2452 quia
720 2396 914 2441 meliore
948 2395 1231 2439 auctoritate
1263 2394 1413 2438 utitur
1446 2408 1586 2451 quam
1618 2398 1708 2441 cui.

120 2466 206 2506 208
239 2463 459 2520 tumidas]
494 2476 600 2506 cum
630 2462 758 2516 FW,
802 2476 897 2505 non
927 2464 1114 2507 timidas
1142 2461 1395 2518 legendum
1427 2475 1528 2505 0550
1559 2463 1694 2518 puto;
1734 2476 1814 2507 ne-

239 2535 366 2565 cesse
399 2521 524 2564 enim
557 2523 629 2565 est
659 2520 881 2565 bacchari
914 2521 1056 2565 etiam
1070 2516 1290 2577 Gargara
1321 2534 1426 2564 cum
1451 2520 1594 2566 silvis.
1645 2522 1734 2566 hoc
1761 2524 1817 2567 ut

239 2579 518 2636 exprimeret
556 2583 718 2637 poeta,
762 2582 963 2625 tumidas
1002 2580 1144 2623 silvas
1184 2579 1402 2623 inclinari
1442 2579 1564 2623 dixit
1601 2579 1631 2626 i.
1665 2594 1703 2625 e.
1739 2594 1814 2624 ex-

239 2638 447 2683 ultantes
478 2638 761 2683 venerantur
793 2639 943 2683 deam.

119 2693 208 2750 224
240 2705 411 2770 cinq-it]
436 2705 556 2748 hanc
586 2705 894 2761 plurimorum
925 2705 1151 2749 librorum
1184 2704 1461 2761 scripturam
1492 2706 1547 2748 ut
1574 2705 1815 2762 reicerem,

237 2763 415 2807 Lucani
438 2764 566 2807 100115
585 2766 796 2808 conlatus
812 2779 886 2809 me
902 2778 996 2808 non
1017 2764 1249 2807 adducere
1265 2763 1434 2820 potuit.
1476 2766 1608 2809 vestit
1625 2763 1654 2808 S
1672 2765 1720 2808 et
1735 2764 1813 2809 W.

122 2835 209 2875 250
241 2830 394 2887 iustis]
430 2831 566 2874 iusszs
596 2834 638 2874 A
670 2830 816 2885 501115,
861 2831 987 2886 quod
1025 2844 1118 2874 non
1156 2829 1484 2874 necessarium.
1546 2829 1651 2874 1000
1689 2829 1815 2873 0111111

240 2902 360 2944 qua-e
393 2889 463 2932 ius
470 2902 522 2932 sa
554 2890 675 2944 sunt,
710 2888 855 2967 etiam
886 2891 1009 2934 iusta
1041 2890 1178 2933 erunt
1210 2888 1559 2934 elementorum.

2024 915 2031 929 Ι

2018 1073 2029 1084 ι

2016 1111 2029 1132 2

2021 1522 2036 1559 ἑ

2019 1567 2039 1607 24

2022 1615 2039 1652 (ε
