2044 3220
164 99 192 150 1
203 99 230 150 7
239 99 271 151 8
703 94 948 140 CLAVDII
980 94 1288 140 CLAVDIAN
1297 93 1327 154 1,

162 233 260 287 Nil
299 236 417 285 tum
459 231 727 284 Castaliae
767 230 902 283 rivis
943 230 1318 283 communibus
1357 231 1531 283 undae

163 307 490 376 Dissimiles7
529 306 628 358 vili
666 323 765 358 nec
806 305 1074 374 discrepat
1114 305 1303 357 arbore
1344 305 1545 375 laurus,

165 382 446 449 Antraque
486 384 693 433 maesta
734 379 895 432 silent
934 379 1336 447 inconsultique
1376 398 1633 433 recessus,

164 456 239 508 At
282 456 329 508 si
367 455 621 507 Phoebus
662 454 811 507 adest
853 457 906 506 et
945 453 1111 506 frenis
1152 453 1363 524 grypha
1402 454 1639 525 iugalem
1813 469 1871 509 30

166 529 411 599 Riphaeo
452 529 696 598 tripodas
737 532 983 597 repetens
1026 528 1252 580 detorsit
1293 528 1358 580 ab
1401 547 1514 598 axe,

167 605 317 657 Tunc
358 603 541 674 silvae,
580 607 711 655 tunc
750 606 905 655 antra
944 602 1118 671 loqui,
1156 606 1284 654 tunc
1325 602 1503 655 vivere
1542 603 1737 673 fonteS,

168 679 317 731 Tunc
357 696 505 730 sacer
544 677 738 729 horror
777 677 931 745 aquis
973 676 1256 744 adytisque
1298 677 1591 730 effunditur
1629 676 1782 730 Echo

170 752 379 806 Clarior
419 756 470 804 et
513 751 700 803 doctae
741 751 950 820 spirant
988 750 1270 821 praesagia
1309 769 1483 820 rupes,

167 828 307 880 Ecce
345 826 597 878 Palatino
640 825 807 877 crevit
846 825 1145 877 reverentia
1185 825 1359 877 monti
1818 839 1875 880 35

166 901 504 968 Exultatque
543 899 825 951 habitante
867 899 963 950 deo
1003 899 1322 967 potioraque
1363 899 1591 968 Delphis

170 974 517 1044 Supplicibus
557 974 665 1026 late
705 972 922 1042 populis
964 973 1180 1025 oracula
1218 973 1408 1042 pandit

169 1049 352 1117 Atque
394 1066 517 1100 suas
559 1047 626 1099 ad
666 1047 821 1118 signa
860 1047 1012 1100 iubet
1052 1047 1372 1100 revirescere
1412 1047 1611 1101 laurus,

280 1122 409 1175 Non
450 1122 617 1174 alium
657 1126 798 1174 certe
841 1121 1018 1174 decuit
1057 1121 1358 1174 rectoribus
1400 1122 1547 1174 orbis

166 1197 305 1249 Esse
345 1197 529 1266 larem,
567 1196 828 1264 nulloque
868 1196 1045 1267 magis
1086 1215 1141 1247 se
1183 1196 1319 1248 colle
1357 1200 1599 1265 potestas
1818 1211 1877 1252 40

168 1271 440 1324 Aestimat
482 1275 534 1323 et
577 1271 772 1323 summi
814 1270 979 1323 sentit
1018 1270 1241 1341 fastigia
1280 1270 1428 1323 iuris

169 1345 445 1398 Attollens
488 1345 696 1414 apicem
737 1344 994 1397 subiectis
1034 1345 1183 1416 regia
1221 1345 1415 1397 rostris

170 1420 274 1472 Tot
316 1419 515 1472 circum
556 1419 777 1472 delubra
815 1419 960 1472 videt
999 1419 1275 1487 tantisque
1317 1419 1537 1471 deorum

173 1493 423 1564 Cingitur
463 1493 725 1546 excubiis!
788 1492 945 1546 Iuvat
984 1493 1127 1546 infra
1165 1497 1309 1546 tecta
1349 1493 1611 1546 Tonantis

174 1568 399 1620 Cernere
441 1567 669 1636 Tarpeia
707 1568 1001 1636 pendentes
1041 1586 1174 1636 rupe
1216 1567 1481 1638 Gigantas
1819 1581 1876 1622 45

175 1641 527 1709 Caelatasque
567 1642 711 1693 fores
750 1641 1046 1710 mediisque
1086 1642 1327 1694 volantia
1369 1642 1524 1712 signa

173 1715 430 1769 Nubibus
472 1718 524 1766 et
566 1715 790 1767 densum
831 1715 1160 1784 stipantibus
1201 1715 1418 1767 aethera
1458 1715 1676 1784 templis

172 1789 426 1857 Arvaque
465 1789 678 1841 vestitis
717 1808 1005 1841 numerosa
1043 1808 1222 1858 puppe
1263 1789 1528 1842 columnis

177 1863 400 1916 Consita
442 1863 807 1931 subnixasque
846 1863 990 1934 iugis
1030 1863 1339 1915 inmanibus
1381 1863 1551 1933 aedeS‚

172 1937 440 1991 Naturam
483 1938 788 1990 cumulante
827 1956 991 1990 manu
1000 1981 1013 2008 ,
1043 1938 1352 2007 'spoliisque
1391 1938 1652 1990 micantes
1825 1951 1881 1993 50

173 2011 492 2064 Innumeros
534 2030 702 2065 arcus,
779 2010 940 2064 Acies
982 2015 1164 2081 stupet
1202 2012 1327 2083 igne
1366 2012 1574 2064 metalli

172 2086 247 2138 Et
290 2086 614 2138 circumfuso
654 2086 930 2168 trepidans
973 2086 1293 2138 obtunditur
1332 2104 1478 2139 auro,

285 2159 625 2231 Agnoscisne
663 2165 804 2230 tuos7
842 2160 1092 2230 princeps
1130 2161 1450 2244 venerande,
1488 2159 1748 2243 penates?

179 2234 329 2286 Haec
369 2238 518 2304 sunt,
560 2253 695 2302 quae
734 2235 925 2304 primis
967 2235 1096 2287 olim
1135 2235 1363 2287 miratus
1403 2235 1462 2287 in
1501 2234 1656 2287 annis

173 2308 335 2360 Patre
375 2308 466 2376 pio
507 2313 845 2361 monstrante
884 2328 1030 2378 puer.
1103 2308 1202 2362 Nil
1243 2309 1479 2379 optimus
1520 2309 1613 2361 ille
1824 2321 1881 2362 55

174 2382 441 2434 Divorum
481 2386 600 2434 toto
640 2383 837 2435 meruit
876 2383 1090 2435 felicius
1131 2401 1278 2453 aeVO‚

180 2455 350 2518 Quam
393 2456 537 2524 quod
575 2456 856 2509 Romuleis
895 2457 1070 2510 victor
1110 2458 1210 2509 sub
1250 2457 1534 2509 moenibus
1575 2455 1688 2526 egit

178 2528 251 2581 Te
294 2534 541 2582 consorte
583 2530 720 2600 dies,
762 2549 882 2583 cum
923 2549 979 2583 se
1017 2531 1334 2583 melioribus
1375 2530 1573 2582 addens

178 2602 457 2671 Exemplis
499 2604 668 2657 civem
707 2609 917 2676 gereret
957 2608 1161 2657 terrore
1200 2607 1425 2674 remotO,

177 2676 435 2728 Alternos
478 2696 598 2730 cum
636 2679 792 2748 plebe
831 2679 979 2731 iocos
1021 2678 1320 2747 dilectaque
1358 2695 1552 2747 passus
1823 2690 1882 2731 60

177 2748 362 2821 Iurgia
402 2752 767 2821 patriciasque
809 2753 994 2806 domos
1033 2753 1351 2822 privataque
1389 2751 1592 2822 passim

269 2884 272 2885 ⁷
299 2915 356 2955 48
390 2910 628 2970 Arvaque]
663 2927 764 2971 σθω
795 2914 1024 2969 Aeraque.
