2085 3215
645 611 737 670 IN
785 608 1257 668 EVTROPIVM

696 760 904 809 LIBER
943 757 1211 807 PRIMVS.

852 871 1058 929 (XVIII.)

215 965 505 1019 Semiferos
544 967 733 1033 partus
772 963 1165 1031 metuendaque
1205 961 1435 1031 pignora
1474 961 1635 1012 matri

30 1078 32 1080 ψ
100 1040 387 1093 Moenibus
428 1043 481 1091 et
520 1038 710 1090 mediis
751 1038 996 1090 auditum
1034 1039 1193 1089 nocte
1234 1036 1487 1104 luporum

100 1115 348 1167 Murmur
389 1117 442 1166 et
482 1113 716 1165 attonito
756 1112 987 1181 pecudes
1026 1113 1243 1180 pastore
1283 1110 1494 1162 locutas

99 1189 174 1241 Et
214 1188 455 1258 lapidum
496 1187 656 1240 duras
696 1187 900 1239 hiemes
938 1186 1232 1253 nimboque
1276 1184 1539 1236 minacem

101 1262 409 1334 Sanguineo
449 1261 699 1314 rubuisse
739 1260 922 1313 Iovem
961 1263 1261 1329 puteosque
1303 1276 1490 1310 cruore
1784 1270 1808 1309 5

100 1336 344 1390 Mutatos
382 1337 635 1404 visasque
674 1336 802 1419 polo
844 1352 1160 1387 concurrere
1200 1332 1357 1384 lunas

99 1411 175 1464 Et
215 1411 459 1482 geminos
501 1410 642 1462 soles
682 1409 868 1461 mirari
909 1408 1117 1460 desinat
1158 1407 1328 1458 orbis:

102 1484 295 1538 Omnia
335 1487 611 1538 cesserunt
652 1483 896 1535 eunucho
939 1481 1159 1535 consule
1203 1484 1463 1532 monstra

99 1559 222 1612 Heu
261 1562 436 1611 terrae
476 1558 716 1626 caelique
754 1557 950 1626 pudor!
1013 1556 1259 1608 trabeata
1297 1573 1393 1623 per
1432 1554 1594 1606 urbes

101 1633 421 1686 Ostentatur
461 1651 595 1685 anus
634 1632 964 1699 titulumque
1006 1626 1278 1683 effeminat
1318 1629 1458 1681 anni.
1754 1642 1809 1682 10

98 1707 326 1760 Pandite
365 1707 650 1776 pontifices
693 1705 962 1758 Cumanae
1004 1705 1241 1757 carmina
1279 1704 1436 1773 vatis⁷

99 1781 412 1834 Fulmineos
454 1781 645 1833 sollers
685 1780 909 1833 Etruiia
949 1779 1196 1831 consulat
1235 1779 1389 1848 ignes

101 1854 510 1923 Inmersumque
548 1855 700 1907 nefas
740 1855 894 1907 fibris
935 1854 1179 1922 exploret
1218 1852 1504 1921 haruspex,

104 1929 250 1993 Quae
289 1947 431 1981 nova
467 1929 795 1997 portendant
837 1929 1030 1997 superi.
1109 1926 1339 1980 Nilusne
1379 1930 1560 1978 meatu

100 2004 305 2056 Devius
346 2006 398 2055 et
437 2003 612 2055 1103111
651 2006 883 2071 temptat
920 2003 1029 2054 iam
1068 2001 1352 2071 transfuga
1392 2000 1578 2052 mimdi
1754 2014 1806 2053 15

103 2077 170 2131 83
210 2077 398 2130 Rubro
438 2077 661 2128 miscere
700 2076 874 2128 mari?
939 2078 1170 2144 ruptone
1209 2074 1448 2143 Niphate

101 2152 340 2204 Rursum
379 2151 676 2203 barbaricis
719 2150 909 2203 Oriens
949 2149 1253 2202 vastabitur
1293 2148 1493 2200 armis?

102 2225 190 2278 An
229 2225 407 2278 morbi
446 2228 673 2278 ventura
712 2225 866 2277 lues?
930 2242 999 2276 an
1035 2223 1186 2276 nulla
1228 2222 1420 2275 colono

101 2300 450 2368 Responsura
490 2299 679 2370 seges?
744 2298 890 2362 Quae
929 2301 1111 2351 tantas
1152 2297 1330 2365 expiet
1368 2296 1477 2348 iras

100 2373 374 2427 Victima?
430 2392 536 2442 quo
578 2374 721 2426 diras
760 2373 950 2456 iugulo
990 2371 1324 2441 placabimus
1365 2371 1522 2423 aras?
1751 2386 1806 2425 ‘20

105 2448 338 2501 Consule
376 2448 646 2501 lustrandi
685 2448 858 2500 fasces
897 2448 1125 2516 ipsoque
1165 2445 1432 2498 litandum

101 2522 383 2593 Prodigio;
425 2523 798 2591 quodcumque
838 2525 1033 2591 palant
1071 2521 1175 2572 hoc
1216 2520 1391 2572 omine
1432 2519 1559 2590 fata,

103 2596 403 2665 Eutropius
444 2597 645 2649 cervice
688 2597 818 2649 luat

896 2669 983 2723 Sic
1025 2669 1203 2721 omnia
1241 2668 1416 2737 nobiS,

103 2743 222 2796 Hoc
261 2744 430 2815 regni⁷
468 2743 724 2815 Fortima7
764 2745 953 2796 tenes?
1017 2743 1290 2805 Quaenam
1329 2742 1436 2794 ista
1474 2742 1686 2794 iocandi

103 2816 375 2871 Saevitia?
436 2818 687 2871 humanis
729 2822 992 2887 quantum
1031 2816 1359 2869 bacchabere
1398 2816 1597 2869 rebus?
1750 2829 1806 2869 25

0 2918 1 2939 ;
104 2890 162 2945 81
200 2892 304 2946 tibi
344 2893 526 2946 servili
563 2893 768 2962 placuit
807 2893 1022 2946 foedare
1063 2891 1274 2944 curules
