<?xml version="1.0" encoding="UTF-8"?>
<!DOCTYPE html PUBLIC "-//W3C//DTD XHTML 1.0 Transitional//EN"
    "http://www.w3.org/TR/xhtml1/DTD/xhtml1-transitional.dtd">
<html xmlns="http://www.w3.org/1999/xhtml" xml:lang="en" lang="en">
 <head>
  <title>
</title>
<meta http-equiv="Content-Type" content="text/html;charset=utf-8" />
  <meta name='ocr-system' content='tesseract 3.04.00' />
  <meta name='ocr-capabilities' content='ocr_page ocr_carea ocr_par ocr_line ocrx_word'/>
</head>
<body>
  <div class='ocr_page' id='page_1' title='image "./carmina00clauuoft_0346.png"; bbox 0 0 2044 3220; ppageno 0'>
   <div class='ocr_carea' id='block_1_1' title="bbox 161 114 1319 174">
    <p class='ocr_par' dir='ltr' id='par_1_1' title="bbox 161 114 1319 174">
     <span class='ocr_line' id='line_1_1' title="bbox 161 114 1319 174; baseline -0.015 0"><span class='ocrx_word' id='word_1_1' title='bbox 161 122 269 174; x_wconf 79' lang='grc'>278</span> <span class='ocrx_word' id='word_1_2' title='bbox 712 115 956 162; x_wconf 86' lang='lat' dir='ltr'><strong>CLAVDII</strong></span> <span class='ocrx_word' id='word_1_3' title='bbox 989 114 1319 160; x_wconf 87' lang='lat' dir='ltr'>CLAVDIANI</span> 
     </span>
    </p>
   </div>
   <div class='ocr_carea' id='block_1_2' title="bbox 158 251 1880 2992">
    <p class='ocr_par' dir='ltr' id='par_1_2' title="bbox 158 251 1855 694">
     <span class='ocr_line' id='line_1_2' title="bbox 160 251 1417 321; baseline -0.007 -11"><span class='ocrx_word' id='word_1_4' title='bbox 160 258 235 310; x_wconf 87' lang='lat' dir='ltr'>Et</span> <span class='ocrx_word' id='word_1_5' title='bbox 276 255 444 309; x_wconf 92' lang='lat' dir='ltr'>solem</span> <span class='ocrx_word' id='word_1_6' title='bbox 485 253 714 306; x_wconf 87' lang='lat' dir='ltr'>didicere</span> <span class='ocrx_word' id='word_1_7' title='bbox 753 251 890 321; x_wconf 78' lang='lat' dir='ltr'>pati,</span> <span class='ocrx_word' id='word_1_8' title='bbox 929 251 1224 304; x_wconf 74' lang='lat' dir='ltr'>torrentius</span> <span class='ocrx_word' id='word_1_9' title='bbox 1265 267 1417 302; x_wconf 89' lang='lat' dir='ltr'>amne</span> 
     </span>
     <span class='ocr_line' id='line_1_3' title="bbox 161 324 1423 396; baseline -0.006 -13"><span class='ocrx_word' id='word_1_10' title='bbox 161 331 404 383; x_wconf 88' lang='lat' dir='ltr'>Hiberno</span> <span class='ocrx_word' id='word_1_11' title='bbox 444 331 695 396; x_wconf 89' lang='lat' dir='ltr'>tortaque</span> <span class='ocrx_word' id='word_1_12' title='bbox 735 329 899 378; x_wconf 86' lang='lat' dir='ltr'>ruunt</span> <span class='ocrx_word' id='word_1_13' title='bbox 937 325 1207 394; x_wconf 79' lang='lat' dir='ltr'>pernicius</span> <span class='ocrx_word' id='word_1_14' title='bbox 1246 324 1423 376; x_wconf 88' lang='lat' dir='ltr'>hasta:</span> 
     </span>
     <span class='ocr_line' id='line_1_4' title="bbox 163 394 1775 467; baseline -0.007 -10"><span class='ocrx_word' id='word_1_15' title='bbox 163 405 436 467; x_wconf 86' lang='lat' dir='ltr'>Quantum</span> <span class='ocrx_word' id='word_1_16' title='bbox 472 421 584 455; x_wconf 94' lang='lat' dir='ltr'>non</span> <span class='ocrx_word' id='word_1_17' title='bbox 621 401 857 453; x_wconf 88' lang='lat' dir='ltr'>iaculum</span> <span class='ocrx_word' id='word_1_18' title='bbox 893 399 1105 460; x_wconf 90' lang='lat' dir='ltr'>Parthi,</span> <span class='ocrx_word' id='word_1_19' title='bbox 1144 418 1256 451; x_wconf 95' lang='lat' dir='ltr'>non</span> <span class='ocrx_word' id='word_1_20' title='bbox 1292 399 1525 466; x_wconf 85' lang='lat' dir='ltr'>impetus</span> <span class='ocrx_word' id='word_1_21' title='bbox 1564 394 1775 465; x_wconf 79' lang='lat' dir='ltr'>Austri⁷</span> 
     </span>
     <span class='ocr_line' id='line_1_5' title="bbox 161 473 1855 532; baseline -0.005 -1"><span class='ocrx_word' id='word_1_22' title='bbox 161 479 290 532; x_wconf 92' lang='lat' dir='ltr'>Non</span> <span class='ocrx_word' id='word_1_23' title='bbox 326 478 442 530; x_wconf 82' lang='lat' dir='ltr'>leve</span> <span class='ocrx_word' id='word_1_24' title='bbox 483 475 748 528; x_wconf 84' lang='lat' dir='ltr'>sollicitae</span> <span class='ocrx_word' id='word_1_25' title='bbox 788 475 984 526; x_wconf 90' lang='lat' dir='ltr'>mentis</span> <span class='ocrx_word' id='word_1_26' title='bbox 1025 473 1274 526; x_wconf 71' lang='lat' dir='ltr'>discurrit</span> <span class='ocrx_word' id='word_1_27' title='bbox 1316 489 1550 523; x_wconf 87' lang='lat' dir='ltr'>acumen.</span> <span class='ocrx_word' id='word_1_28' title='bbox 1771 483 1855 523; x_wconf 92' lang='grc'>201</span> 
     </span>
     <span class='ocr_line' id='line_1_6' title="bbox 163 546 1658 623; baseline -0.007 -18"><span class='ocrx_word' id='word_1_29' title='bbox 163 552 436 623; x_wconf 82' lang='lat' dir='ltr'>Sanguine</span> <span class='ocrx_word' id='word_1_30' title='bbox 475 551 625 602; x_wconf 85' lang='lat' dir='ltr'>frena</span> <span class='ocrx_word' id='word_1_31' title='bbox 666 549 862 619; x_wconf 79' lang='lat' dir='ltr'>calent3</span> <span class='ocrx_word' id='word_1_32' title='bbox 904 548 1197 616; x_wconf 81' lang='lat' dir='ltr'>corrumpit</span> <span class='ocrx_word' id='word_1_33' title='bbox 1239 546 1460 615; x_wconf 90' lang='lat' dir='ltr'>spiritus</span> <span class='ocrx_word' id='word_1_34' title='bbox 1501 562 1658 596; x_wconf 87' lang='lat' dir='ltr'>auras</span> 
     </span>
     <span class='ocr_line' id='line_1_7' title="bbox 158 621 1488 694; baseline -0.006 -15"><span class='ocrx_word' id='word_1_35' title='bbox 158 626 391 694; x_wconf 78' lang='lat' dir='ltr'>Letifer3</span> <span class='ocrx_word' id='word_1_36' title='bbox 429 625 659 677; x_wconf 88' lang='lat' dir='ltr'>infectae</span> <span class='ocrx_word' id='word_1_37' title='bbox 701 623 906 692; x_wconf 87' lang='lat' dir='ltr'>spumis</span> <span class='ocrx_word' id='word_1_38' title='bbox 944 622 1206 675; x_wconf 84' lang='lat' dir='ltr'>vitiantur</span> <span class='ocrx_word' id='word_1_39' title='bbox 1244 621 1488 672; x_wconf 81' lang='lat' dir='ltr'>harenae.</span> 
     </span>
    </p>

    <p class='ocr_par' dir='ltr' id='par_1_3' title="bbox 161 694 1736 845">
     <span class='ocr_line' id='line_1_8' title="bbox 273 694 1736 770; baseline -0.005 -18"><span class='ocrx_word' id='word_1_40' title='bbox 273 700 581 770; x_wconf 82' lang='lat' dir='ltr'>Diffugiunt</span> <span class='ocrx_word' id='word_1_41' title='bbox 620 697 926 767; x_wconf 82' lang='lat' dir='ltr'>Nymphae:</span> <span class='ocrx_word' id='word_1_42' title='bbox 967 697 1177 765; x_wconf 84' lang='lat' dir='ltr'>rapitur</span> <span class='ocrx_word' id='word_1_43' title='bbox 1214 694 1535 763; x_wconf 87' lang='lat' dir='ltr'>Proserpina</span> <span class='ocrx_word' id='word_1_44' title='bbox 1576 710 1736 745; x_wconf 89' lang='lat' dir='ltr'>curru</span> 
     </span>
     <span class='ocr_line' id='line_1_9' title="bbox 161 772 708 845; baseline -0.007 -17"><span class='ocrx_word' id='word_1_45' title='bbox 161 774 531 845; x_wconf 88' lang='lat' dir='ltr'>Imploratque</span> <span class='ocrx_word' id='word_1_46' title='bbox 571 772 708 824; x_wconf 80' lang='lat' dir='ltr'>deas</span> 
     </span>
    </p>

    <p class='ocr_par' dir='ltr' id='par_1_4' title="bbox 778 842 1863 916">
     <span class='ocr_line' id='line_1_10' title="bbox 778 842 1863 916; baseline -0.005 -18"><span class='ocrx_word' id='word_1_47' title='bbox 778 845 894 898; x_wconf 88' lang='lat' dir='ltr'>Iam</span> <span class='ocrx_word' id='word_1_48' title='bbox 935 844 1206 916; x_wconf 79' lang='lat' dir='ltr'>Gorgonis</span> <span class='ocrx_word' id='word_1_49' title='bbox 1249 861 1341 895; x_wconf 92' lang='lat' dir='ltr'>ora</span> <span class='ocrx_word' id='word_1_50' title='bbox 1380 842 1582 894; x_wconf 83' lang='lat' dir='ltr'>revelat</span> <span class='ocrx_word' id='word_1_51' title='bbox 1778 854 1863 894; x_wconf 86' lang='grc'>205</span> 
     </span>
    </p>

    <p class='ocr_par' dir='ltr' id='par_1_5' title="bbox 164 918 1867 1508">
     <span class='ocr_line' id='line_1_11' title="bbox 165 918 1297 976; baseline -0.005 -1"><span class='ocrx_word' id='word_1_52' title='bbox 165 923 350 976; x_wconf 87' lang='lat' dir='ltr'>Pallas</span> <span class='ocrx_word' id='word_1_53' title='bbox 391 924 443 974; x_wconf 92' lang='lat' dir='ltr'>et</span> <span class='ocrx_word' id='word_1_54' title='bbox 481 920 691 973; x_wconf 90' lang='lat' dir='ltr'>intento</span> <span class='ocrx_word' id='word_1_55' title='bbox 732 921 953 972; x_wconf 84' lang='lat' dir='ltr'>festinat</span> <span class='ocrx_word' id='word_1_56' title='bbox 992 919 1148 971; x_wconf 88' lang='lat' dir='ltr'>Delia</span> <span class='ocrx_word' id='word_1_57' title='bbox 1188 918 1297 970; x_wconf 90' lang='lat' dir='ltr'>telo</span> 
     </span>
     <span class='ocr_line' id='line_1_12' title="bbox 165 991 1680 1064; baseline -0.005 -15"><span class='ocrx_word' id='word_1_58' title='bbox 165 996 281 1050; x_wconf 91' lang='lat' dir='ltr'>Nec</span> <span class='ocrx_word' id='word_1_59' title='bbox 319 999 514 1064; x_wconf 88' lang='lat' dir='ltr'>patruo</span> <span class='ocrx_word' id='word_1_60' title='bbox 557 995 770 1047; x_wconf 88' lang='lat' dir='ltr'>cedunt:</span> <span class='ocrx_word' id='word_1_61' title='bbox 814 993 1058 1045; x_wconf 82' lang='lat' dir='ltr'>stimulat</span> <span class='ocrx_word' id='word_1_62' title='bbox 1099 991 1396 1045; x_wconf 89' lang='lat' dir='ltr'>communis</span> <span class='ocrx_word' id='word_1_63' title='bbox 1434 991 1493 1042; x_wconf 93' lang='lat' dir='ltr'>in</span> <span class='ocrx_word' id='word_1_64' title='bbox 1532 1008 1680 1042; x_wconf 91' lang='lat' dir='ltr'>arma</span> 
     </span>
     <span class='ocr_line' id='line_1_13' title="bbox 164 1065 1500 1141; baseline -0.005 -18"><span class='ocrx_word' id='word_1_65' title='bbox 164 1070 469 1141; x_wconf 83' lang='lat' dir='ltr'>Virginitas</span> <span class='ocrx_word' id='word_1_66' title='bbox 511 1069 817 1136; x_wconf 88' lang='lat' dir='ltr'>crimenque</span> <span class='ocrx_word' id='word_1_67' title='bbox 856 1067 958 1120; x_wconf 91' lang='lat' dir='ltr'>feri</span> <span class='ocrx_word' id='word_1_68' title='bbox 997 1066 1230 1135; x_wconf 89' lang='lat' dir='ltr'>raptoris</span> <span class='ocrx_word' id='word_1_69' title='bbox 1271 1065 1500 1117; x_wconf 86' lang='lat' dir='ltr'>acerbat.</span> 
     </span>
     <span class='ocr_line' id='line_1_14' title="bbox 166 1140 1590 1208; baseline -0.005 -11"><span class='ocrx_word' id='word_1_70' title='bbox 166 1143 266 1197; x_wconf 89' lang='lat' dir='ltr'>Ille</span> <span class='ocrx_word' id='word_1_71' title='bbox 305 1144 454 1196; x_wconf 80' lang='lat' dir='ltr'>velut</span> <span class='ocrx_word' id='word_1_72' title='bbox 496 1142 697 1194; x_wconf 83' lang='lat' dir='ltr'>stabuli</span> <span class='ocrx_word' id='word_1_73' title='bbox 739 1142 897 1193; x_wconf 87' lang='lat' dir='ltr'>decus</span> <span class='ocrx_word' id='word_1_74' title='bbox 939 1140 1271 1208; x_wconf 88' lang='lat' dir='ltr'>armentique</span> <span class='ocrx_word' id='word_1_75' title='bbox 1310 1140 1590 1191; x_wconf 83' lang='lat' dir='ltr'>iuvencam</span> 
     </span>
     <span class='ocr_line' id='line_1_15' title="bbox 170 1213 1867 1285; baseline -0.004 -15"><span class='ocrx_word' id='word_1_76' title='bbox 170 1218 306 1271; x_wconf 88' lang='lat' dir='ltr'>Cum</span> <span class='ocrx_word' id='word_1_77' title='bbox 344 1218 428 1269; x_wconf 93' lang='lat' dir='ltr'>leo</span> <span class='ocrx_word' id='word_1_78' title='bbox 469 1216 709 1285; x_wconf 87' lang='lat' dir='ltr'>possedit</span> <span class='ocrx_word' id='word_1_79' title='bbox 748 1216 1055 1283; x_wconf 89' lang='lat' dir='ltr'>nudataque</span> <span class='ocrx_word' id='word_1_80' title='bbox 1094 1214 1300 1265; x_wconf 84' lang='lat' dir='ltr'>viscera</span> <span class='ocrx_word' id='word_1_81' title='bbox 1339 1213 1479 1265; x_wconf 86' lang='lat' dir='ltr'>fodit</span> <span class='ocrx_word' id='word_1_82' title='bbox 1780 1225 1867 1265; x_wconf 88' lang='grc'>210</span> 
     </span>
     <span class='ocr_line' id='line_1_16' title="bbox 165 1287 1540 1363; baseline -0.005 -18"><span class='ocrx_word' id='word_1_83' title='bbox 165 1292 456 1363; x_wconf 89' lang='lat' dir='ltr'>Vnguibus</span> <span class='ocrx_word' id='word_1_84' title='bbox 498 1294 550 1343; x_wconf 91' lang='lat' dir='ltr'>et</span> <span class='ocrx_word' id='word_1_85' title='bbox 590 1290 797 1342; x_wconf 87' lang='lat' dir='ltr'>rabiem</span> <span class='ocrx_word' id='word_1_86' title='bbox 836 1293 984 1342; x_wconf 92' lang='lat' dir='ltr'>totos</span> <span class='ocrx_word' id='word_1_87' title='bbox 1026 1288 1205 1359; x_wconf 81' lang='lat' dir='ltr'>exegit</span> <span class='ocrx_word' id='word_1_88' title='bbox 1244 1287 1302 1339; x_wconf 89' lang='lat' dir='ltr'>in</span> <span class='ocrx_word' id='word_1_89' title='bbox 1342 1305 1540 1339; x_wconf 87' lang='lat' dir='ltr'>armos:</span> 
     </span>
     <span class='ocr_line' id='line_1_17' title="bbox 168 1361 1521 1434; baseline -0.004 -16"><span class='ocrx_word' id='word_1_90' title='bbox 168 1366 290 1420; x_wconf 83' lang='lat' dir='ltr'>Stat</span> <span class='ocrx_word' id='word_1_91' title='bbox 332 1384 509 1418; x_wconf 89' lang='lat' dir='ltr'>crassa</span> <span class='ocrx_word' id='word_1_92' title='bbox 549 1365 724 1434; x_wconf 90' lang='lat' dir='ltr'>turpis</span> <span class='ocrx_word' id='word_1_93' title='bbox 767 1364 915 1416; x_wconf 90' lang='lat' dir='ltr'>sanie</span> <span class='ocrx_word' id='word_1_94' title='bbox 953 1363 1230 1431; x_wconf 89' lang='lat' dir='ltr'>nodosque</span> <span class='ocrx_word' id='word_1_95' title='bbox 1270 1361 1521 1413; x_wconf 90' lang='lat' dir='ltr'>iubarum</span> 
     </span>
     <span class='ocr_line' id='line_1_18' title="bbox 167 1435 1407 1508; baseline -0.005 -15"><span class='ocrx_word' id='word_1_96' title='bbox 167 1440 395 1494; x_wconf 83' lang='lat' dir='ltr'>Excutit</span> <span class='ocrx_word' id='word_1_97' title='bbox 436 1443 487 1492; x_wconf 91' lang='lat' dir='ltr'>et</span> <span class='ocrx_word' id='word_1_98' title='bbox 526 1440 660 1491; x_wconf 88' lang='lat' dir='ltr'>viles</span> <span class='ocrx_word' id='word_1_99' title='bbox 699 1443 980 1508; x_wconf 88' lang='lat' dir='ltr'>pastorum</span> <span class='ocrx_word' id='word_1_100' title='bbox 1021 1437 1246 1506; x_wconf 84' lang='lat' dir='ltr'>despicit</span> <span class='ocrx_word' id='word_1_101' title='bbox 1284 1435 1407 1488; x_wconf 81' lang='lat' dir='ltr'>iras,</span> 
     </span>
    </p>

    <p class='ocr_par' dir='ltr' id='par_1_6' title="bbox 169 1510 1874 2174">
     <span class='ocr_line' id='line_1_19' title="bbox 283 1510 1607 1585; baseline -0.005 -19"><span class='ocrx_word' id='word_1_102' title='bbox 283 1513 492 1585; x_wconf 71' lang='lat' dir='ltr'>‘Ignavi</span> <span class='ocrx_word' id='word_1_103' title='bbox 534 1513 767 1565; x_wconf 89' lang='lat' dir='ltr'>domitor</span> <span class='ocrx_word' id='word_1_104' title='bbox 805 1512 978 1583; x_wconf 75' lang='lat' dir='ltr'>vulgi,</span> <span class='ocrx_word' id='word_1_105' title='bbox 1021 1511 1301 1563; x_wconf 86' lang='lat' dir='ltr'>deterrime</span> <span class='ocrx_word' id='word_1_106' title='bbox 1341 1510 1607 1579; x_wconf 74' lang='lat' dir='ltr'>fratrum&#39;,</span> 
     </span>
     <span class='ocr_line' id='line_1_20' title="bbox 169 1583 1869 1656; baseline -0.004 -15"><span class='ocrx_word' id='word_1_107' title='bbox 169 1589 352 1642; x_wconf 90' lang='lat' dir='ltr'>Pallas</span> <span class='ocrx_word' id='word_1_108' title='bbox 393 1589 468 1640; x_wconf 92' lang='lat' dir='ltr'>ait</span> <span class='ocrx_word' id='word_1_109' title='bbox 509 1588 665 1656; x_wconf 73' lang='lat' dir='ltr'>‘quae</span> <span class='ocrx_word' id='word_1_110' title='bbox 704 1591 757 1639; x_wconf 89' lang='lat' dir='ltr'>te</span> <span class='ocrx_word' id='word_1_111' title='bbox 799 1586 1034 1639; x_wconf 84' lang='lat' dir='ltr'>stimulis</span> <span class='ocrx_word' id='word_1_112' title='bbox 1075 1585 1390 1652; x_wconf 83' lang='lat' dir='ltr'>facibusque</span> <span class='ocrx_word' id='word_1_113' title='bbox 1429 1583 1672 1652; x_wconf 82' lang='lat' dir='ltr'>profanis</span> <span class='ocrx_word' id='word_1_114' title='bbox 1783 1596 1869 1635; x_wconf 77' lang='lat'>215</span> 
     </span>
     <span class='ocr_line' id='line_1_21' title="bbox 173 1658 1719 1716; baseline -0.005 -1"><span class='ocrx_word' id='word_1_115' title='bbox 173 1662 501 1716; x_wconf 87' lang='lat' dir='ltr'>Eumenides</span> <span class='ocrx_word' id='word_1_116' title='bbox 540 1661 790 1714; x_wconf 77' lang='lat' dir='ltr'>movere?</span> <span class='ocrx_word' id='word_1_117' title='bbox 830 1664 924 1712; x_wconf 90' lang='lat' dir='ltr'>tua</span> <span class='ocrx_word' id='word_1_118' title='bbox 966 1679 1059 1712; x_wconf 88' lang='lat' dir='ltr'>cur</span> <span class='ocrx_word' id='word_1_119' title='bbox 1099 1659 1220 1711; x_wconf 90' lang='lat' dir='ltr'>sede</span> <span class='ocrx_word' id='word_1_120' title='bbox 1260 1658 1447 1710; x_wconf 90' lang='lat' dir='ltr'>relicta</span> <span class='ocrx_word' id='word_1_121' title='bbox 1714 1664 1719 1670; x_wconf 84' lang='lat'><em>&#39;</em></span> 
     </span>
     <span class='ocr_line' id='line_1_22' title="bbox 171 1731 1570 1802; baseline -0.005 -13"><span class='ocrx_word' id='word_1_122' title='bbox 171 1737 353 1790; x_wconf 86' lang='lat' dir='ltr'>Audes</span> <span class='ocrx_word' id='word_1_123' title='bbox 395 1736 666 1788; x_wconf 89' lang='lat' dir='ltr'>Tartareis</span> <span class='ocrx_word' id='word_1_124' title='bbox 709 1736 915 1787; x_wconf 92' lang='lat' dir='ltr'>caelum</span> <span class='ocrx_word' id='word_1_125' title='bbox 953 1734 1216 1786; x_wconf 87' lang='lat' dir='ltr'>incestare</span> <span class='ocrx_word' id='word_1_126' title='bbox 1257 1731 1570 1802; x_wconf 76' lang='lat' dir='ltr'>quadrigis?</span> 
     </span>
     <span class='ocr_line' id='line_1_23' title="bbox 175 1805 1596 1877; baseline -0.005 -14"><span class='ocrx_word' id='word_1_127' title='bbox 175 1811 312 1864; x_wconf 83' lang='lat' dir='ltr'>Sunt</span> <span class='ocrx_word' id='word_1_128' title='bbox 351 1810 454 1862; x_wconf 88' lang='lat' dir='ltr'>tibi</span> <span class='ocrx_word' id='word_1_129' title='bbox 495 1810 758 1861; x_wconf 86' lang='lat' dir='ltr'>deformes</span> <span class='ocrx_word' id='word_1_130' title='bbox 798 1809 960 1860; x_wconf 90' lang='lat' dir='ltr'>Dirae</span> <span class='ocrx_word' id='word_1_131' title='bbox 970 1852 983 1877; x_wconf 65' lang='lat'><em>7</em></span> <span class='ocrx_word' id='word_1_132' title='bbox 1025 1811 1151 1859; x_wconf 89' lang='lat' dir='ltr'>sunt</span> <span class='ocrx_word' id='word_1_133' title='bbox 1192 1807 1360 1858; x_wconf 89' lang='lat' dir='ltr'>altera</span> <span class='ocrx_word' id='word_1_134' title='bbox 1398 1805 1596 1857; x_wconf 91' lang='lat' dir='ltr'>Lethes</span> 
     </span>
     <span class='ocr_line' id='line_1_24' title="bbox 172 1879 1692 1954; baseline -0.003 -17"><span class='ocrx_word' id='word_1_135' title='bbox 172 1885 434 1954; x_wconf 79' lang='lat' dir='ltr'>Numina,</span> <span class='ocrx_word' id='word_1_136' title='bbox 475 1887 601 1935; x_wconf 89' lang='lat' dir='ltr'>sunt</span> <span class='ocrx_word' id='word_1_137' title='bbox 641 1883 826 1935; x_wconf 88' lang='lat' dir='ltr'>tristes</span> <span class='ocrx_word' id='word_1_138' title='bbox 865 1882 1083 1951; x_wconf 74' lang='lat' dir='ltr'>Furiae,</span> <span class='ocrx_word' id='word_1_139' title='bbox 1124 1885 1177 1933; x_wconf 90' lang='lat' dir='ltr'>te</span> <span class='ocrx_word' id='word_1_140' title='bbox 1219 1880 1445 1951; x_wconf 88' lang='lat' dir='ltr'>coniuge</span> <span class='ocrx_word' id='word_1_141' title='bbox 1485 1879 1692 1950; x_wconf 91' lang='lat' dir='ltr'>dignae.</span> 
     </span>
     <span class='ocr_line' id='line_1_25' title="bbox 172 1955 1874 2027; baseline -0.002 -16"><span class='ocrx_word' id='word_1_142' title='bbox 172 1959 381 2011; x_wconf 89' lang='lat' dir='ltr'>Fratris</span> <span class='ocrx_word' id='word_1_143' title='bbox 419 1958 603 2026; x_wconf 87' lang='lat' dir='ltr'>linque</span> <span class='ocrx_word' id='word_1_144' title='bbox 645 1957 852 2027; x_wconf 78' lang='lat' dir='ltr'>domOS‚</span> <span class='ocrx_word' id='word_1_145' title='bbox 893 1956 1123 2009; x_wconf 89' lang='lat' dir='ltr'>alienam</span> <span class='ocrx_word' id='word_1_146' title='bbox 1163 1955 1343 2007; x_wconf 89' lang='lat' dir='ltr'>desere</span> <span class='ocrx_word' id='word_1_147' title='bbox 1384 1957 1605 2023; x_wconf 80' lang='lat' dir='ltr'>sortem3</span> <span class='ocrx_word' id='word_1_148' title='bbox 1788 1967 1874 2007; x_wconf 86' lang='grc'>220</span> 
     </span>
     <span class='ocr_line' id='line_1_26' title="bbox 174 2027 1584 2097; baseline -0.004 -12"><span class='ocrx_word' id='word_1_149' title='bbox 174 2033 350 2086; x_wconf 89' lang='lat' dir='ltr'>Nocte</span> <span class='ocrx_word' id='word_1_150' title='bbox 389 2036 483 2084; x_wconf 94' lang='lat' dir='ltr'>tua</span> <span class='ocrx_word' id='word_1_151' title='bbox 524 2035 809 2084; x_wconf 91' lang='lat' dir='ltr'>contentus</span> <span class='ocrx_word' id='word_1_152' title='bbox 850 2031 951 2083; x_wconf 91' lang='lat' dir='ltr'>abi.</span> <span class='ocrx_word' id='word_1_153' title='bbox 1018 2029 1157 2092; x_wconf 87' lang='lat' dir='ltr'>Quid</span> <span class='ocrx_word' id='word_1_154' title='bbox 1195 2029 1317 2081; x_wconf 85' lang='lat' dir='ltr'>viva</span> <span class='ocrx_word' id='word_1_155' title='bbox 1358 2027 1584 2097; x_wconf 88' lang='lat' dir='ltr'>sepultis</span> 
     </span>
     <span class='ocr_line' id='line_1_27' title="bbox 177 2101 1820 2174; baseline -0.004 -14"><span class='ocrx_word' id='word_1_156' title='bbox 177 2107 495 2160; x_wconf 82' lang='lat' dir='ltr'>Admisces‘?</span> <span class='ocrx_word' id='word_1_157' title='bbox 533 2110 782 2158; x_wconf 88' lang='lat' dir='ltr'>nostrum</span> <span class='ocrx_word' id='word_1_158' title='bbox 823 2105 951 2174; x_wconf 91' lang='lat' dir='ltr'>quid</span> <span class='ocrx_word' id='word_1_159' title='bbox 989 2103 1222 2173; x_wconf 93' lang='lat' dir='ltr'>proteris</span> <span class='ocrx_word' id='word_1_160' title='bbox 1264 2103 1466 2155; x_wconf 82' lang='lat' dir='ltr'>advena</span> <span class='ocrx_word' id='word_1_161' title='bbox 1504 2101 1820 2154; x_wconf 84' lang='lat' dir='ltr'>mundum?&#39;</span> 
     </span>
    </p>

    <p class='ocr_par' dir='ltr' id='par_1_7' title="bbox 162 2176 1880 2992">
     <span class='ocr_line' id='line_1_28' title="bbox 290 2176 1518 2233; baseline -0.004 0"><span class='ocrx_word' id='word_1_162' title='bbox 290 2181 444 2233; x_wconf 88' lang='lat' dir='ltr'>Talia</span> <span class='ocrx_word' id='word_1_163' title='bbox 482 2180 785 2232; x_wconf 85' lang='lat' dir='ltr'>vociferans</span> <span class='ocrx_word' id='word_1_164' title='bbox 827 2180 1011 2231; x_wconf 84' lang='lat' dir='ltr'>avidos</span> <span class='ocrx_word' id='word_1_165' title='bbox 1050 2178 1281 2230; x_wconf 88' lang='lat' dir='ltr'>transire</span> <span class='ocrx_word' id='word_1_166' title='bbox 1319 2176 1518 2229; x_wconf 91' lang='lat' dir='ltr'>minaci</span> 
     </span>
     <span class='ocr_line' id='line_1_29' title="bbox 180 2251 1519 2324; baseline -0.004 -16"><span class='ocrx_word' id='word_1_167' title='bbox 180 2255 504 2324; x_wconf 85' lang='lat' dir='ltr'>Cornipedes</span> <span class='ocrx_word' id='word_1_168' title='bbox 542 2255 776 2307; x_wconf 88' lang='lat' dir='ltr'>umbone</span> <span class='ocrx_word' id='word_1_169' title='bbox 814 2254 940 2306; x_wconf 91' lang='lat' dir='ltr'>ferit</span> <span class='ocrx_word' id='word_1_170' title='bbox 980 2253 1242 2322; x_wconf 88' lang='lat' dir='ltr'>clipeique</span> <span class='ocrx_word' id='word_1_171' title='bbox 1281 2251 1519 2303; x_wconf 91' lang='lat' dir='ltr'>retardat</span> 
     </span>
     <span class='ocr_line' id='line_1_30' title="bbox 180 2323 1875 2400; baseline -0.004 -18"><span class='ocrx_word' id='word_1_172' title='bbox 180 2329 344 2382; x_wconf 92' lang='lat' dir='ltr'>Obice</span> <span class='ocrx_word' id='word_1_173' title='bbox 386 2329 793 2400; x_wconf 80' lang='lat' dir='ltr'>Gorgoneisque</span> <span class='ocrx_word' id='word_1_174' title='bbox 831 2346 1078 2398; x_wconf 89' lang='lat' dir='ltr'>premens</span> <span class='ocrx_word' id='word_1_175' title='bbox 1120 2325 1372 2379; x_wconf 90' lang='lat' dir='ltr'>adsibilat</span> <span class='ocrx_word' id='word_1_176' title='bbox 1411 2323 1600 2394; x_wconf 85' lang='lat' dir='ltr'>hydris</span> <span class='ocrx_word' id='word_1_177' title='bbox 1789 2337 1875 2377; x_wconf 83' lang='grc'>225</span> 
     </span>
     <span class='ocr_line' id='line_1_31' title="bbox 177 2399 1580 2472; baseline -0.003 -17"><span class='ocrx_word' id='word_1_178' title='bbox 177 2403 571 2472; x_wconf 90' lang='lat' dir='ltr'>Praetentaque</span> <span class='ocrx_word' id='word_1_179' title='bbox 613 2404 786 2472; x_wconf 90' lang='lat' dir='ltr'>operit</span> <span class='ocrx_word' id='word_1_180' title='bbox 828 2403 1012 2472; x_wconf 82' lang='lat' dir='ltr'>crista3</span> <span class='ocrx_word' id='word_1_181' title='bbox 1045 2401 1277 2453; x_wconf 90' lang='lat' dir='ltr'>libratur</span> <span class='ocrx_word' id='word_1_182' title='bbox 1315 2400 1372 2452; x_wconf 92' lang='lat' dir='ltr'>in</span> <span class='ocrx_word' id='word_1_183' title='bbox 1410 2399 1580 2452; x_wconf 90' lang='lat' dir='ltr'>ictum</span> 
     </span>
     <span class='ocr_line' id='line_1_32' title="bbox 177 2475 1515 2549; baseline -0.003 -20"><span class='ocrx_word' id='word_1_184' title='bbox 177 2476 444 2529; x_wconf 82' lang='lat' dir='ltr'>Fraxinus</span> <span class='ocrx_word' id='word_1_185' title='bbox 485 2481 537 2529; x_wconf 87' lang='lat' dir='ltr'>et</span> <span class='ocrx_word' id='word_1_186' title='bbox 574 2478 762 2549; x_wconf 90' lang='lat' dir='ltr'>nigros</span> <span class='ocrx_word' id='word_1_187' title='bbox 800 2476 1090 2529; x_wconf 86' lang='lat' dir='ltr'>inluminat</span> <span class='ocrx_word' id='word_1_188' title='bbox 1131 2475 1288 2527; x_wconf 86' lang='lat' dir='ltr'>obvia</span> <span class='ocrx_word' id='word_1_189' title='bbox 1328 2492 1515 2526; x_wconf 84' lang='lat' dir='ltr'>currus</span> 
     </span>
     <span class='ocr_line' id='line_1_33' title="bbox 179 2548 1743 2621; baseline -0.003 -19"><span class='ocrx_word' id='word_1_190' title='bbox 179 2550 455 2619; x_wconf 91' lang='lat' dir='ltr'>Missaque</span> <span class='ocrx_word' id='word_1_191' title='bbox 494 2570 662 2620; x_wconf 89' lang='lat' dir='ltr'>paene</span> <span class='ocrx_word' id='word_1_192' title='bbox 702 2552 864 2621; x_wconf 75' lang='lat' dir='ltr'>foret,</span> <span class='ocrx_word' id='word_1_193' title='bbox 902 2551 960 2603; x_wconf 90' lang='lat' dir='ltr'>ni</span> <span class='ocrx_word' id='word_1_194' title='bbox 998 2548 1241 2618; x_wconf 87' lang='lat' dir='ltr'>Iuppiter</span> <span class='ocrx_word' id='word_1_195' title='bbox 1280 2548 1494 2600; x_wconf 89' lang='lat' dir='ltr'>aethere</span> <span class='ocrx_word' id='word_1_196' title='bbox 1534 2564 1743 2599; x_wconf 91' lang='lat' dir='ltr'>summo</span> 
     </span>
     <span class='ocr_line' id='line_1_34' title="bbox 179 2623 1353 2678; baseline -0.003 -2"><span class='ocrx_word' id='word_1_197' title='bbox 179 2625 440 2677; x_wconf 88' lang='lat' dir='ltr'>Pacificas</span> <span class='ocrx_word' id='word_1_198' title='bbox 479 2626 630 2677; x_wconf 90' lang='lat' dir='ltr'>rubri</span> <span class='ocrx_word' id='word_1_199' title='bbox 669 2625 917 2678; x_wconf 89' lang='lat' dir='ltr'>torsisset</span> <span class='ocrx_word' id='word_1_200' title='bbox 956 2623 1199 2676; x_wconf 77' lang='lat' dir='ltr'>fulminis</span> <span class='ocrx_word' id='word_1_201' title='bbox 1240 2623 1353 2674; x_wconf 89' lang='lat' dir='ltr'>alas</span> 
     </span>
     <span class='ocr_line' id='line_1_35' title="bbox 184 2694 1880 2766; baseline -0.002 -15"><span class='ocrx_word' id='word_1_202' title='bbox 184 2698 474 2751; x_wconf 86' lang='lat' dir='ltr'>Confessus</span> <span class='ocrx_word' id='word_1_203' title='bbox 516 2718 777 2752; x_wconf 89' lang='lat' dir='ltr'>socerum:</span> <span class='ocrx_word' id='word_1_204' title='bbox 816 2699 1018 2752; x_wconf 88' lang='lat' dir='ltr'>nimbis</span> <span class='ocrx_word' id='word_1_205' title='bbox 1056 2698 1382 2766; x_wconf 85' lang='lat' dir='ltr'>hymenaeus</span> <span class='ocrx_word' id='word_1_206' title='bbox 1422 2694 1618 2747; x_wconf 87' lang='lat' dir='ltr'>hiulcis</span> <span class='ocrx_word' id='word_1_207' title='bbox 1793 2707 1880 2748; x_wconf 88' lang='grc'>230</span> 
     </span>
     <span class='ocr_line' id='line_1_36' title="bbox 179 2771 1524 2826; baseline -0.004 0"><span class='ocrx_word' id='word_1_208' title='bbox 179 2771 403 2826; x_wconf 87' lang='lat' dir='ltr'>Intonat</span> <span class='ocrx_word' id='word_1_209' title='bbox 443 2777 494 2824; x_wconf 92' lang='lat' dir='ltr'>et</span> <span class='ocrx_word' id='word_1_210' title='bbox 534 2777 700 2826; x_wconf 89' lang='lat' dir='ltr'>testes</span> <span class='ocrx_word' id='word_1_211' title='bbox 739 2775 957 2826; x_wconf 87' lang='lat' dir='ltr'>firmant</span> <span class='ocrx_word' id='word_1_212' title='bbox 998 2771 1228 2825; x_wconf 91' lang='lat' dir='ltr'>conubia</span> <span class='ocrx_word' id='word_1_213' title='bbox 1265 2771 1524 2822; x_wconf 90' lang='lat' dir='ltr'>fiammae.</span> 
     </span>
     <span class='ocr_line' id='line_1_37' title="bbox 162 2844 1553 2914; baseline -0.004 -15"><span class='ocrx_word' id='word_1_214' title='bbox 162 2905 167 2910; x_wconf 45' lang='grc'>,</span> <span class='ocrx_word' id='word_1_215' title='bbox 293 2845 501 2899; x_wconf 84' lang='lat' dir='ltr'>Invitae</span> <span class='ocrx_word' id='word_1_216' title='bbox 542 2865 744 2900; x_wconf 88' lang='lat' dir='ltr'>cessere</span> <span class='ocrx_word' id='word_1_217' title='bbox 785 2849 924 2900; x_wconf 87' lang='lat' dir='ltr'>deae.</span> <span class='ocrx_word' id='word_1_218' title='bbox 989 2844 1330 2914; x_wconf 85' lang='lat' dir='ltr'>Compescuit</span> <span class='ocrx_word' id='word_1_219' title='bbox 1370 2862 1553 2895; x_wconf 89' lang='lat' dir='ltr'>arcum</span> 
     </span>
     <span class='ocr_line' id='line_1_38' title="bbox 184 2918 1515 2992; baseline -0.004 -18"><span class='ocrx_word' id='word_1_220' title='bbox 184 2920 320 2974; x_wconf 82' lang='lat' dir='ltr'>Cum</span> <span class='ocrx_word' id='word_1_221' title='bbox 358 2921 564 2992; x_wconf 89' lang='lat' dir='ltr'>gemitu</span> <span class='ocrx_word' id='word_1_222' title='bbox 603 2922 846 2991; x_wconf 90' lang='lat' dir='ltr'>talesque</span> <span class='ocrx_word' id='word_1_223' title='bbox 886 2921 1030 2974; x_wconf 88' lang='lat' dir='ltr'>dedit</span> <span class='ocrx_word' id='word_1_224' title='bbox 1068 2918 1297 2972; x_wconf 87' lang='lat' dir='ltr'>Latonia</span> <span class='ocrx_word' id='word_1_225' title='bbox 1335 2936 1515 2971; x_wconf 83' lang='lat' dir='ltr'>voces:</span> 
     </span>
    </p>
   </div>
  </div>
 </body>
</html>
