2044 3220
79 128 240 185 (VIII.)
264 126 567 172 PANEGYR.
593 127 672 171 DE
699 127 940 181 QVARTo
966 127 1321 173 CONSVLATV
1347 128 1617 175 HONORII.
1655 131 1760 182 115

67 262 260 315 Adfuit
301 262 583 315 ominibus,
647 261 904 314 Tenebris
944 262 1242 315 involverat
1282 267 1397 315 atra

65 337 273 389 Lumen
310 336 482 389 hiems
523 336 820 404 densosque
860 334 1040 388 Notus
1082 338 1371 407 collegerat
1411 337 1622 390 imbres

67 409 171 462 Sed
208 428 357 480 mox,
398 428 517 462 cum
558 409 717 461 solita
755 409 910 460 miles
950 413 1003 460 te
1043 428 1170 461 voce
1211 411 1461 480 levasset,

64 483 269 536 Nubila
309 483 557 536 dissolvit
595 482 846 534 Phoebus
886 483 1192 550 pariterque
1235 484 1499 536 dabantur
1675 500 1757 538 175

67 557 287 626 Sceptra
325 557 427 609 tibi
466 556 770 624 mundoque
812 556 943 607 dies:
986 556 1212 627 caligine
1253 558 1388 609 liber

64 631 380 700 Bosphorus
420 631 694 682 adversam
733 630 940 698 patitur
982 629 1316 682 Calchedona
1357 632 1512 684 cerni.

63 704 177 757 Nec
217 709 428 757 tantum
467 704 640 756 vicina
679 703 876 773 nitent,
918 704 1009 755 sed
1047 707 1164 756 tota
1203 704 1432 772 repulsis

62 777 315 831 Nubibus
356 778 569 830 exuitur
607 777 833 847 Thrace,
871 777 1120 848 Pangaea
1160 778 1403 830 renident

62 850 417 920 Insuetosque
456 852 612 920 palus
652 851 831 903 radios
871 850 1105 903 Maeotia
1146 852 1337 904 vibrat.
1673 867 1757 906 180

64 925 178 979 Nec
218 926 418 978 Boreas
456 925 670 977 nimbos
712 928 803 977 aut
844 925 927 977 sol
966 925 1239 977 ardentior
1279 925 1414 996 egit:

62 998 280 1068 Imperii
319 1000 413 1051 lux
452 999 546 1051 illa
585 999 715 1069 fuit3
755 1017 1048 1069 praesagus
1089 999 1275 1051 obibat

66 1072 270 1125 Cuncta
308 1073 455 1125 nitor
493 1072 717 1140 risitque
757 1076 852 1124 tuo
891 1077 1084 1125 natura
1126 1092 1325 1125 sereno,

0 1162 1 1197 ι
61 1146 195 1198 Visa
235 1147 396 1198 etiam
435 1146 608 1198 medio
649 1147 865 1215 populis
905 1147 1227 1198 mirantibus
1269 1147 1441 1198 audax

62 1220 230 1273 Stella
270 1220 376 1290 die,
416 1220 708 1272 dubitanda
745 1220 884 1272 nihil
921 1239 1019 1272 nec
1060 1221 1202 1272 crine
1242 1224 1423 1272 retuso
1673 1236 1756 1275 185

59 1294 361 1365 Languida,
403 1295 495 1346 sed
535 1298 768 1362 quantus
806 1298 1120 1346 numeratur
1158 1299 1314 1346 nocte
1354 1294 1578 1365 Bootes,

60 1367 405 1436 Emicuitque
444 1368 621 1450 plagis
662 1368 822 1419 alieni
861 1368 1119 1436 temporis
1159 1368 1355 1436 hospes

60 1440 211 1512 Ignis
252 1446 305 1493 et
345 1442 565 1512 agnosci
603 1441 804 1510 potuit,
845 1460 965 1493 cum
1003 1442 1131 1493 luna
1169 1442 1383 1494 laterezt

63 1515 186 1568 Sive
225 1533 418 1584 parens
457 1514 707 1585 Augusta
746 1515 873 1585 fuit,
915 1534 1007 1567 seu
1046 1516 1185 1567 forte
1224 1516 1422 1567 reluxit

59 1589 184 1641 Divi
226 1589 372 1641 sidus
413 1589 522 1658 avi,
564 1607 656 1640 seu
695 1593 748 1641 te
786 1589 1202 1657 properantibus
1241 1589 1424 1641 Arctis
1672 1605 1755 1644 190

62 1662 287 1715 Cernere
330 1663 412 1714 sol
450 1663 661 1731 patiens
702 1663 907 1714 caelum
948 1681 1226 1715 commune
1266 1662 1486 1715 remisit.

58 1736 299 1805 Adparet
340 1736 468 1804 quid
508 1737 662 1807 signa
702 1737 892 1788 ferant.
968 1736 1212 1789 Ventura
1250 1740 1494 1805 potestas

62 1809 268 1862 Claruit
306 1808 564 1880 AscaniO,
604 1810 783 1862 subita
823 1829 944 1862 cum
982 1811 1099 1862 luce
1141 1829 1413 1863 comarum

59 1883 329 1936 Innocuus
368 1884 622 1954 flagraret
662 1902 795 1952 apex
834 1884 1180 1955 Phrygioque
1218 1886 1438 1937 volutus

58 1957 273 2010 Vertice
313 1957 494 2009 fatalis
534 1957 807 2009 redimiret
845 1961 1088 2026 tempora
1128 1959 1338 2011 candor.
1669 1972 1752 2012 195

59 2031 133 2084 At
172 2036 266 2083 tua
307 2031 561 2082 caelestes
600 2030 893 2082 inlustrant
934 2032 1112 2083 omina
1151 2033 1409 2084 flammae.

59 2105 205 2157 Talis
246 2105 312 2156 ab
352 2103 525 2156 Idaeis
564 2104 869 2172 primaevus
908 2103 1151 2172 Iuppiter
1190 2106 1359 2157 antris

58 2178 304 2231 Possessi
346 2178 498 2230 stetit
538 2196 656 2229 arce
695 2177 807 2246 poli
847 2178 1184 2246 famulosque
1225 2178 1425 2246 recepit

58 2252 269 2306 Natura
307 2252 551 2304 tradente
593 2252 741 2321 deos3
780 2251 1033 2322 lanugine
1072 2252 1311 2304 nondum

58 2326 372 2379 Vernabant
410 2326 594 2378 vultus
632 2343 730 2377 nec
770 2325 941 2377 adhuc
979 2344 1074 2394 per
1114 2327 1252 2377 colla
1290 2325 1530 2378 fluebant
1665 2340 1752 2380 200

58 2399 305 2453 Moturae
346 2417 582 2452 convexa
622 2417 827 2469 comae3
867 2402 983 2451 tum
1025 2399 1261 2451 scindere
1299 2400 1469 2451 nubes

57 2474 314 2526 Discebat
352 2473 661 2542 fulmenque
700 2473 820 2525 rudi
859 2476 1109 2541 torquere
1149 2474 1363 2525 lacerto

169 2547 387 2600 Laetior
426 2547 651 2618 augurio
693 2547 906 2617 genitor
943 2547 1193 2615 natisque
1235 2547 1498 2615 superbus

58 2619 173 2673 Iam
210 2621 431 2690 paribus
472 2620 671 2689 duplici
711 2621 882 2673 fultus
923 2626 1170 2673 consorte
1210 2621 1418 2673 redibat

61 2694 490 2763 Splendebatque
529 2694 618 2762 pio
660 2695 969 2763 complexus
1008 2695 1234 2765 pignora
1274 2713 1446 2749 curru.
1666 2708 1747 2748 205

58 2767 219 2820 Haud
258 2768 413 2820 aliter
453 2786 660 2820 summo
701 2768 900 2839 gemini
941 2787 1059 2821 cum
1099 2773 1250 2837 patre
1288 2769 1550 2840 LaconeS,

181 2930 264 2972 190
295 2925 470 2985 Aratis]
503 2941 605 2986 e905
638 2927 794 2973 astris.

1332 3004 1392 3047 8*
