2044 3220
96 109 422 155 CARMlNVM
452 110 665 157 MlNOR.
699 110 1163 167 CORPVSCVLVM,
1205 126 1241 156 c.
1271 111 1598 158 XXXV—XL.
1657 112 1772 164 ’251

93 244 245 297 Vidit
282 245 562 313 perspicuo
603 244 887 313 deprensas
927 265 1189 299 marmore
1228 246 1499 317 lymphaS,

168 318 314 370 Dura
355 319 549 386 quibus
590 319 718 370 solis
759 337 973 386 parcere
1011 321 1162 372 novit
1203 320 1395 390 hiemS,

92 391 166 444 Et
207 392 405 444 siccum
443 393 682 462 relegens
723 392 888 444 labris
930 393 1236 445 sitientibus
1279 395 1463 447 orbem
1755 408 1781 447 5

101 531 106 533 Λ
166 463 336 517 Inrita
376 466 629 534 quaesitis
670 466 852 517 oscula
891 467 1010 518 fixit
1051 468 1221 534 aquis

725 625 933 674 xxxix.
965 626 1143 683 (Lxu.)

91 715 451 768 Marmoreum
487 733 554 767 ne
595 733 782 783 sperne
822 716 1066 786 globum:
1108 718 1410 784 spectacula
1450 719 1645 770 transit

168 789 337 860 Regia
375 807 472 841 nec
510 788 696 841 Rubro
737 789 895 841 vilior
932 790 1034 841 iste
1074 791 1222 842 mari.

91 861 344 915 Informis
383 862 580 934 glacies
590 906 603 931 ,
644 881 831 914 saxum
870 864 1021 931 rude,
1060 864 1210 916 nulla
1250 865 1453 935 figurae

167 935 373 989 Gratia:
415 936 507 988 sed
543 955 690 988 raras
729 937 869 988 inter
908 937 1137 989 habetur
1178 957 1318 1006 opes

801 1112 893 1159 XL.
924 1112 1074 1169 (xm.)

504 1222 832 1269 EPISTVLA
870 1222 961 1269 AD
1006 1221 1367 1273 OLYBRIVM.

91 1320 230 1384 Quid
268 1339 406 1389 rear,
446 1320 656 1372 adfatus
699 1320 841 1388 quod
877 1339 989 1372 non
1026 1320 1158 1372 mihi
1199 1320 1384 1391 dirigis
1424 1321 1566 1374 ullos

164 1393 277 1447 Nec
315 1395 452 1447 redit
492 1395 697 1446 alterno
738 1395 930 1462 pollice
972 1395 1128 1446 ducta
1170 1395 1354 1446 salus?

92 1468 436 1521 Scribendine
476 1468 665 1519 labor?
729 1467 833 1520 Sed
872 1486 1005 1536 quae
1045 1472 1156 1520 tam
1194 1487 1363 1536 prona
1403 1469 1654 1539 facultaS,

168 1541 415 1594 Carmina
454 1559 547 1593 seu
585 1541 765 1593 fundis
806 1559 899 1593 seu
940 1541 1190 1594 Cicerone
1230 1543 1424 1594 tonas?

91 1615 286 1668 Cedere
326 1615 527 1667 divitiis
569 1615 732 1666 animi
771 1615 989 1667 fortuna
1028 1615 1229 1667 fatetur
1753 1631 1778 1670 5

164 1689 238 1742 Et
277 1693 455 1742 tantas
497 1688 604 1741 oris
645 1688 796 1757 copia
835 1688 1001 1741 vincit
1042 1707 1182 1757 opes,

90 1821 180 1874 An
217 1840 368 1873 rarus
410 1822 501 1890 qui
541 1822 739 1890 scripta
777 1822 952 1874 ferat?
1016 1821 1157 1884 Quin
1194 1825 1433 1891 tempore
1471 1823 1622 1875 nullo

169 1895 391 1948 Cessant
428 1895 721 1947 Flaminiae
760 1896 1132 1963 pulverulenta
1171 1896 1304 1951 viae.

92 1969 227 2022 Cum
265 1970 398 2021 fluat
436 1969 733 2039 ingenium,
775 1988 894 2021 cum
934 1969 1004 2020 sit
1046 1970 1137 2037 qui
1177 1969 1318 2021 dicta
1357 1974 1617 2039 reportet,

167 2043 333 2112 Quae,
371 2043 476 2095 nisi
516 2045 850 2111 contemnor,
891 2061 1048 2095 causa
1088 2043 1274 2094 relicta
1313 2043 1451 2095 tibi?
1729 2060 1782 2098 10

91 2118 336 2185 Despicis
376 2135 503 2188 ergo
527 2120 718 2185 tuum,
759 2117 803 2168 si
844 2117 924 2168 fas
965 2120 1046 2168 est
1087 2116 1318 2186 credere,
1357 2121 1535 2170 vatem

165 2191 429 2260 PerfiduS,
469 2194 521 2243 et
562 2191 735 2259 spatio
777 2190 1087 2242 debilitatur
1126 2209 1288 2243 amor.

90 2324 469 2376 Excidimusne
508 2323 651 2375 tibi?
711 2323 909 2375 Lucem
946 2323 1055 2375 iam
1095 2323 1285 2375 condet
1324 2323 1629 2394 Hydaspes,

167 2398 240 2450 Et
281 2397 609 2467 TartesiacO,
651 2397 764 2467 Sol,
807 2397 973 2449 oriere
1013 2397 1172 2466 vado,

94 2470 384 2524 Candescet
426 2471 625 2524 Geticis
665 2471 845 2523 Meroe
885 2489 1139 2523 conversa
1178 2471 1385 2539 pruinis
1732 2489 1780 2526 15

169 2544 428 2614 Claraque
469 2564 522 2597 se
562 2545 730 2598 vetito
769 2545 982 2613 proluet
1022 2544 1160 2596 Vrsa
1200 2545 1356 2614 mari,

92 2619 189 2688 Et,
229 2620 274 2670 si
312 2620 419 2672 iam
456 2623 672 2672 nostros
712 2619 921 2671 fastidit
963 2618 1216 2686 Olybrius
1256 2619 1430 2689 ignes,

169 2691 393 2745 Constat
433 2691 709 2746 Oresteam
745 2694 825 2745 nil
863 2693 1095 2744 valuisse
1134 2692 1306 2745 fidem.

96 2823 238 2887 Quin
276 2844 374 2896 age
413 2844 599 2895 rumpe
638 2845 815 2878 moras
857 2826 1231 2894 solaturusque
1273 2826 1510 2886 sodalem

170 2898 382 2951 Absens
423 2900 635 2968 eloquio
675 2900 935 2952 fertiliore
977 2899 1124 2968 doce,
1731 2916 1787 2956 20
