2039 3235
227 126 297 182 (I.)
330 125 638 170 PANEGYR.
671 126 886 170 DICTVS
918 126 1187 171 PROBINO
1221 126 1299 170 ET
1332 127 1601 172 OLYBRIO
1636 128 1789 173 COSS.
1847 129 1880 181 5

191 259 584 313 Sarmaticosve
622 261 737 329 pati
775 260 951 312 medio
994 261 1092 312 sub
1134 261 1336 332 frigore
1378 261 1603 331 CaurOS‚

190 332 249 386 Si
287 337 364 402 111,
403 334 590 403 Roma,
629 334 786 402 velis3
825 352 922 402 pro
962 338 1016 385 te
1058 352 1419 404 quascumque
1458 355 1553 405 per
1593 355 1712 388 oras

186 406 394 459 Ibimus
434 411 487 459 et
525 407 675 459 nulla
714 407 814 459 sub
853 411 1172 476 tempestate
1211 409 1463 461 timentes

190 480 440 534 Solstitio
481 480 714 551 Meroen,
754 481 945 532 bruma
982 482 1368 549 temptabimus
1407 483 1697 536 Histrum'.
1798 497 1881 538 135

299 554 437 606 Tum
476 555 662 625 regina
701 555 886 607 refert:
929 553 1081 607 ‘Non
1119 573 1203 607 me
1242 556 1390 625 latet7
1429 557 1614 609 inclite
1654 562 1844 628 rector,

190 627 345 690 Quod
382 632 476 680 tua
515 646 612 697 pro
652 628 810 680 Latio
850 629 1095 680 victricia
1136 632 1310 680 castra
1349 629 1598 682 laborant

187 701 302 754 Nec
343 703 486 770 quod
525 702 805 754 servitium
844 721 1030 754 rursus
1069 702 1369 770 Furiaeque
1409 704 1634 756 rebelles

186 775 472 827 Edomitae
511 776 732 844 paribus
775 777 874 828 sub
914 780 968 828 te
1009 776 1243 828 cecidere
1282 777 1588 846 triumphis

188 848 292 902 Sed
328 868 532 918 precor,
571 850 674 901 hoc
715 850 913 902 donum
954 868 1073 902 cum
1112 850 1364 902 libertate
1404 852 1604 903 recenti
1799 867 1880 906 140

186 922 424 992 Adicias,
465 924 511 975 si
550 942 675 976 vera
713 928 894 976 manet
933 924 1232 976 reverentia
1269 925 1458 977 nostri.

188 996 325 1049 Sunt
363 997 500 1049 mihi
539 998 802 1066 pubentes
844 998 954 1049 alto
997 998 1058 1049 de
1101 998 1302 1050 semine
1341 999 1550 1068 fratreS‚

185 1071 423 1141 Pignora
464 1089 585 1123 cara
623 1071 806 1141 Probi,
845 1072 983 1124 festa
1025 1090 1159 1140 quos
1200 1072 1317 1124 luce
1359 1076 1565 1124 creatos

184 1144 310 1214 Ipsa
348 1163 466 1197 meo
507 1145 620 1197 fovi
659 1145 880 1216 gremio.
961 1145 1240 1198 Cunabula
1278 1146 1460 1215 parvis

185 1218 311 1288 Ipsa
352 1218 486 1288 dedi,
527 1238 647 1271 cum
686 1220 875 1271 matris
917 1238 1052 1272 onus
1091 1220 1295 1271 Lucina
1336 1220 1554 1272 beatum
1799 1236 1881 1275 145

187 1292 430 1346 Solveret
470 1297 522 1345 et
560 1311 787 1364 magnos
826 1294 1128 1362 proferrent
1170 1293 1343 1345 sidera
1382 1298 1583 1362 partus,

185 1367 290 1419 His
330 1385 429 1437 ego
468 1385 566 1419 nec
605 1367 801 1419 Decios
841 1367 1097 1436 pulchros
1137 1367 1371 1419 fortesve
1411 1367 1660 1420 Metellos

186 1441 558 1510 Praetulerim,
596 1460 721 1510 non,
763 1442 856 1509 qui
894 1441 1136 1494 Poenum
1176 1441 1425 1493 domuere
1465 1442 1711 1511 ferocem,

187 1514 465 1584 Scipiadas
507 1514 785 1583 Gallisque
825 1534 994 1586 genus
1034 1515 1198 1567 fatale
1241 1514 1511 1567 Camillos

184 1589 381 1641 Pieriis
420 1589 627 1657 pollent
669 1589 863 1641 studiis
903 1589 1182 1657 multoque
1224 1589 1523 1641 redundant
1799 1605 1881 1644 150

185 1662 445 1732 Eloqui03
484 1681 582 1714 nec
623 1662 842 1715 desidiis
883 1663 1177 1732 dapibusve
1216 1663 1420 1731 paratis

185 1736 471 1807 Indulgere
511 1737 660 1788 iuvat
699 1756 796 1789 nec
835 1741 987 1789 tanta
1026 1737 1247 1789 licentia
1285 1737 1429 1789 vitae

184 1810 404 1880 Adripit
444 1814 537 1862 aut
576 1829 753 1863 mores
794 1815 940 1863 aetas
981 1811 1182 1863 lasciva
1222 1811 1448 1863 relaxat:

187 1884 292 1937 Sed
329 1884 586 1955 gravibus
628 1885 770 1937 curis
811 1885 1049 1937 animum
1089 1885 1283 1937 sortita
1324 1885 1546 1937 senilem

184 1957 350 2029 Ignea
388 1958 650 2028 longaevo
691 1959 934 2010 frenatur
973 1959 1130 2011 corde
1170 1959 1434 2011 iuventus
1798 1973 1880 2011 155

184 2031 318 2102 Ilh's7
359 2050 520 2100 quam
558 2033 833 2101 propriam
875 2033 1074 2084 ducunt
1115 2033 1180 2084 ab
1223 2033 1447 2103 origine,
1489 2035 1689 2085 sortem

187 2105 415 2158 Oramus
454 2106 708 2174 praebere
747 2107 882 2158 velis
923 2106 1156 2174 annique
1196 2106 1440 2158 futurum

184 2180 462 2232 Devoveas
501 2180 767 2232 venientis
808 2181 924 2232 iter.
1001 2179 1129 2232 Non
1168 2180 1415 2248 improba
1454 2198 1635 2249 posco,

183 2254 312 2308 Non
350 2254 561 2306 insueta
602 2254 777 2306 dabis:
820 2254 1008 2306 domus
1048 2254 1178 2305 haec
1218 2253 1280 2305 de
1319 2272 1467 2306 more
1507 2254 1748 2322 requirit.

184 2328 397 2381 Adnue:
439 2328 516 2380 sic
553 2328 714 2380 nobis
756 2327 1042 2396 Scythicus
1082 2328 1373 2379 famuletur
1411 2327 1632 2397 AraxeS,
1797 2342 1880 2382 160

185 2401 274 2455 Sic
313 2402 534 2454 Rhenus
574 2421 670 2471 per
707 2406 995 2470 utrumque
1034 2402 1193 2470 latus,
1232 2401 1510 2469 Medisque
1551 2402 1791 2454 subactis

186 2475 391 2530 Nostra
432 2475 779 2528 Semiramiae
819 2476 1047 2528 timeant
1088 2476 1325 2545 insignia
1365 2479 1562 2545 turres3

185 2549 274 2603 Sic
312 2551 445 2602 fluat
486 2550 752 2602 attonitus
791 2550 1035 2603 Romana
1073 2568 1169 2618 per
1209 2549 1404 2618 oppida
1447 2549 1700 2620 Ganges'.

295 2624 503 2676 Ductor
543 2624 609 2676 ad
646 2624 798 2676 haec:
843 2623 1071 2693 ‘Optata
1111 2623 1264 2674 iubes
1303 2623 1555 2692 ultroque
1594 2624 1882 2694 volentem,

184 2697 340 2767 Diva,
379 2716 563 2768 rogas3
602 2717 714 2750 non
751 2699 882 2750 haec
920 2697 1171 2767 precibus
1211 2698 1522 2766 temptanda
1562 2698 1806 2751 fuissent.

184 2771 370 2840 Vsque
409 2772 609 2824 adeone
648 2791 822 2824 meam
862 2772 1098 2824 condunt
1140 2770 1342 2822 oblivia
1380 2776 1628 2841 mentem,
1798 2785 1879 2825 166

184 2845 261 2897 Vt
299 2845 483 2916 pigeat
521 2846 832 2898 meminisse
869 2846 1052 2915 Probi,
1095 2862 1199 2913 quo
1240 2845 1416 2897 iudice
1454 2849 1627 2898 totam

182 2918 434 2971 Vidimus
473 2919 794 2989 Hesperiam
833 2920 1109 2987 fessasque
1149 2936 1427 2990 resurgere
1466 2919 1690 2990 gentes?
