2044 3220
199 116 306 168 252
737 114 979 159 CLAVD11
1012 113 1340 158 CLAVDIANI

202 250 504 318 Crebraque
545 249 772 301 facundo
812 249 1030 300 festinet
1069 249 1250 300 littera
1291 266 1449 300 cursu

272 324 450 376 Libris
491 327 651 390 atque
691 323 883 374 animis
924 322 1241 374 insinuanda
1279 322 1424 374 meis,

199 398 467 467 Dignatus
506 397 657 448 tenui
701 396 893 448 Caesar
934 397 1209 465 scripsisse
1248 396 1481 465 Maroni,

272 471 386 523 Nec
424 470 524 522 tibi
566 470 806 522 dedecori
846 470 1001 521 Musa
1039 471 1234 522 futura.
1295 469 1444 521 Vale.

887 644 1000 688 XLI.
1036 643 1208 701 (xm.)

799 755 890 801 AD
932 753 1292 802 PROBJNVM.

204 853 393 922 Quem,
432 871 642 922 precor,
682 852 823 904 inter
860 870 960 904 nos
999 852 1251 904 habitura
1293 852 1505 903 silentia
1544 852 1742 904 finem?

278 926 500 989 Quando
543 926 690 977 dabit
730 944 879 977 caras
918 926 1100 978 littera
1140 930 1295 996 grata
1333 926 1512 978 vices?

93 1068 97 1073 ·
202 1000 288 1052 Me
328 1000 575 1052 timidum
613 999 699 1051 vel
738 1003 790 1051 te
829 1000 1010 1067 potius
1051 1000 1246 1051 dixisse
1288 1000 1576 1068 superbum

280 1073 566 1126 Convenit:
607 1073 829 1124 alterius
870 1073 1070 1125 crimen
1108 1078 1394 1141 utrumque
1433 1077 1593 1125 tenet.

202 1148 574 1200 Transfiuxere
616 1147 727 1198 dies
768 1151 842 1216 et7
883 1147 1007 1198 dum
1049 1147 1324 1215 scripsisse
1362 1147 1594 1215 priorem
1864 1162 1888 1199 5

276 1221 543 1290 Paenitet7
584 1224 826 1285 aeternas
865 1220 975 1272 itur
1014 1220 1071 1272 in
1108 1239 1278 1288 usque
1316 1238 1508 1272 moras,

204 1295 306 1348 Sed
347 1295 474 1362 quid
514 1295 707 1365 agam?
772 1293 1022 1363 Coepisse
1060 1298 1207 1346 vetat
1247 1294 1544 1346 reverentia
1582 1293 1770 1362 vestri3

275 1368 418 1420 Hinc
458 1387 607 1420 amor
644 1368 895 1420 hortatur
936 1368 1180 1420 scribere.
1241 1367 1438 1420 Vincat
1478 1386 1640 1420 amor.
1681 1394 1686 1399 ·

205 1442 264 1495 ‘F
271 1461 358 1495 ors
397 1442 546 1494 iuvat
587 1442 859 1494 audentes’
900 1442 1063 1510 prisci
1104 1442 1368 1494 sententia
1406 1441 1560 1493 vatis,

275 1516 393 1568 Hac
433 1516 563 1568 duce
600 1534 711 1568 non
751 1516 991 1568 dubitem
1030 1520 1083 1568 te
1123 1516 1378 1567 reticente
1417 1515 1589 1585 loqui3
1841 1529 1894 1567 10

202 1588 395 1641 Audax
437 1594 529 1641 aut
571 1590 616 1641 si
657 1589 787 1657 quid
823 1590 1040 1658 penitus
1079 1608 1326 1658 peccasse
1366 1589 1613 1658 videbor,

278 1663 515 1734 Arguar,
554 1663 755 1733 ingrati
793 1681 903 1714 non
944 1664 1220 1714 subiturus
1263 1681 1409 1714 onus.

204 1737 478 1789 Romanos
517 1737 754 1788 bibimus
793 1736 1025 1804 primum
1065 1741 1118 1788 te
1159 1736 1374 1788 consule
1414 1736 1591 1787 fontes

278 1811 353 1862 Et
391 1811 578 1862 Latiae
619 1810 841 1862 accessit
883 1809 1042 1862 Graia
1081 1810 1271 1862 Thalia
1310 1813 1492 1879 togae,

205 1883 578 1952 Incipiensque
616 1884 727 1935 tuis
768 1902 798 1935 a
837 1884 1074 1935 fascibus
1117 1883 1295 1935 omina
1336 1883 1450 1951 cepi
1841 1897 1893 1934 15

279 1957 518 2026 Fataque
559 1951 761 2009 debebo
801 1957 1101 2026 posteriora
1139 1957 1254 2009 tibi.

205 2031 354 2102 Ergo
395 2032 676 2083 lacessitus
716 2031 931 2083 tandem
970 2031 1201 2083 rescribe
1240 2030 1523 2102 roganti

279 2105 354 2157 Et
393 2105 567 2174 patria
605 2106 802 2157 florens
843 2108 1008 2175 sorte,
1046 2105 1302 2175 Probine,
1340 2105 1474 2159 vale.

889 2294 1024 2337 XLII.
1061 2294 1213 2350 (Lm.)

694 2405 782 2451 DE
823 2403 999 2452 APRO
1040 2405 1125 2451 ET
1164 2402 1405 2452 LEONE.

210 2503 416 2555 Torvus
457 2521 584 2571 aper
622 2503 907 2569 fulvusque
946 2502 1030 2553 leo
1072 2502 1242 2554 coiere
1283 2501 1526 2570 superbis

282 2576 526 2646 Viribus,
565 2577 652 2628 hic
693 2580 839 2628 saeta
880 2576 1109 2645 saevior,
1148 2576 1239 2627 ille
1279 2575 1428 2644 iuba3

210 2649 368 2701 Hunc
407 2650 552 2702 Mars
562 2694 575 2720 7
621 2650 764 2702 hunc
809 2650 992 2701 laudat
1035 2649 1244 2718 Cybele.
1305 2647 1629 2700 Dominatur
1673 2650 1899 2714 uterque

285 2722 587 2793 Montibus3
625 2723 922 2775 Herculeus
964 2724 1125 2775 sudor
1162 2727 1385 2790 uterque
1424 2721 1541 2774 fuit.
