2044 3220
186 87 412 145 (XXXV.)
436 87 516 131 DE
535 87 738 131 RAPTV
755 86 1177 131 PROSERPINAE
1202 87 1385 131 LIBER
1403 88 1734 136 SECVNDVS.
1770 90 1876 143 281

186 222 375 292 Sitque
415 227 594 276 ratum
635 222 1007 291 quodcumque
1046 223 1230 276 voles?

1288 298 1437 350 Haec
1476 299 1622 351 fatus
1665 303 1887 352 ovantes

184 371 522 423 Exhortatur
562 389 727 439 equos
768 373 820 421 et
859 369 1083 421 Tartara
1122 371 1307 424 mitior
1344 373 1526 426 intrat.

188 444 527 497 Conveniunt
566 445 788 513 animae,
829 447 1058 511 quantas
1098 445 1389 498 violentior
1427 446 1629 499 Auster

184 519 405 571 Decutit
445 519 728 572 arboribus
769 518 985 570 frondes
1027 522 1120 570 aut
1158 520 1396 572 nubibus
1437 521 1637 574 imbres

188 592 412 665 Colligit
452 597 545 646 aut
584 592 789 663 frangit
828 592 1025 643 fluctus
1067 596 1158 644 aut
1198 597 1417 661 torquet
1456 595 1706 666 harenas3

187 666 499 736 Cunctaque
536 666 817 751 praecipiti
858 666 1130 734 stipantur
1170 669 1381 719 saecula
1424 687 1583 722 cursu

181 740 461 813 Insignem
498 742 680 794 visura
720 759 930 792 nurum.
994 740 1124 792 Mox
1162 741 1277 809 ipse
1319 761 1537 795 serenus

182 805 493 887 Ingreditur
529 815 679 867 facili
716 833 908 883 passus
949 815 1261 867 mollescere
1301 817 1414 868 risu

182 890 590 958 Dissimilisque
631 889 727 941 sui.
790 889 1039 940 Dominis
1080 889 1412 942 intrantibus
1453 891 1644 975 ingens

181 963 446 1035 Adsurgit
484 963 847 1035 Phlegethon.
888 964 1246 1034 flagrantibus
1286 965 1501 1034 hispida
1540 967 1673 1019 rivis

180 1038 361 1090 Barba
399 1038 578 1090 madet
617 1041 843 1106 totoque
882 1039 1058 1090 fluunt
1097 1038 1342 1091 incendia
1381 1040 1550 1093 vultu.

295 1111 597 1164 Occurrunt
636 1112 855 1181 properi
893 1112 1033 1165 lecta
1073 1112 1136 1164 de
1174 1113 1331 1181 plebe
1371 1114 1628 1167 ministri:

179 1186 314 1239 Pars
355 1187 495 1239 altos
535 1190 790 1239 revocant
832 1205 1019 1239 currus
1059 1187 1332 1256 frenisque
1373 1189 1568 1241 solutis

179 1260 416 1313 Vertunt
456 1262 707 1313 emeritos
749 1261 816 1312 ad
852 1280 1051 1329 pascua
1089 1265 1219 1313 nota
1258 1262 1489 1333 iugales3

179 1334 314 1387 Pars
355 1335 542 1387 aulaea
581 1339 788 1405 tenent3
830 1335 925 1387 alii
963 1339 1273 1403 praetexere
1312 1337 1476 1388 ramis

179 1409 396 1461 Limina
435 1413 488 1462 et
527 1410 586 1461 in
622 1409 923 1461 thala-mum
964 1410 1136 1461 cultas
1178 1411 1434 1463 extollere
1473 1416 1664 1465 vestes,

179 1483 446 1554 Reginam
486 1488 634 1535 casto
677 1484 958 1535 cinxerunt
999 1484 1211 1554 agmine
1250 1489 1450 1537 matres

178 1558 400 1627 Elysiae
439 1561 732 1626 teneroque
771 1558 952 1609 levant
994 1576 1238 1610 sermone
1277 1560 1498 1611 timores

179 1632 254 1684 Et
296 1650 513 1701 sparsos
552 1632 785 1703 religant
827 1632 999 1684 crines
1041 1635 1093 1683 et
1131 1633 1375 1685 vultibus
1416 1634 1618 1686 addunt

179 1706 455 1759 Flammea
497 1706 793 1759 sollicitum
832 1706 1203 1775 praevelatura
1242 1707 1516 1775 pudorem.

290 1781 503 1833 Pallida
541 1781 777 1833 laetatur
815 1781 966 1851 regio
1007 1785 1303 1851 gentesque
1344 1783 1584 1851 sepultae

177 1855 480 1907 Luxuriant
521 1855 802 1924 epulisque
840 1859 1034 1907 vacant
1074 1856 1378 1926 genialibus
1421 1857 1657 1910 umbrae.

181 1929 348 1983 Grata
388 1929 632 1982 coronati
670 1933 937 2000 peragunt
979 1930 1223 1982 convivia
1263 1930 1472 2001 Manes3

179 2004 461 2072 Rumpunt
500 2004 712 2055 insoliti
750 2003 1037 2055 tenebrosa
1078 2004 1294 2056 silentia
1335 2009 1546 2076 cantus3

181 2079 449 2132 Sedantur
487 2078 736 2149 gemitus,
798 2077 967 2130 Erebi
1008 2096 1063 2130 se
1105 2082 1296 2146 sponte
1336 2080 1543 2132 relaxat

181 2153 414 2222 Squalor
455 2157 506 2205 et
548 2156 819 2204 aeternam
857 2152 1066 2221 patitui·
1105 2171 1372 2204 rarescere
1409 2158 1646 2224 noctem,

178 2227 330 2280 Vrna
367 2246 466 2280 nee
503 2227 736 2279 incertas
776 2230 956 2279 versat
996 2226 1201 2278 Minoia
1243 2231 1430 2280 sortes,

180 2302 421 2355 Verbera
458 2302 610 2354 nulla
650 2304 846 2353 sonant
883 2301 1143 2369 nulloque
1182 2301 1465 2353 frementia
1507 2302 1660 2355 luctu

178 2375 353 2446 Impia
394 2376 575 2429 dilatis
614 2376 884 2445 respirant
924 2375 1149 2427 Tartara
1187 2376 1399 2444 poenis:

178 2451 308 2505 Non
345 2454 466 2503 rota
506 2469 827 2520 suspensum
864 2469 1118 2519 praeceps
1158 2449 1348 2502 Ixiona
1388 2454 1628 2521 torquet3

177 2525 308 2579 Non
347 2544 486 2594 aqua
525 2525 801 2577 Tantaleis
843 2525 1162 2577 subducitur
1199 2524 1381 2576 invida
1420 2525 1602 2578 labris,

181 2599 423 2653 Solvitur
459 2598 618 2652 Ixion
656 2603 709 2652 et
748 2599 1008 2651 Tantalus
1048 2599 1254 2651 invenit
1294 2599 1464 2651 undas

178 2674 254 2727 Et
294 2674 484 2742 Tityos
523 2674 741 2726 tandem
782 2673 1053 2743 spatiosos
1095 2673 1254 2743 erigit
1296 2677 1446 2725 artus

182 2747 598 2817 Squalentisque
635 2767 831 2801 novem
871 2748 1071 2800 detexit
1112 2748 1298 2818 iugera
1339 2749 1513 2818 campi

183 2821 414 2893 (Tantus
455 2821 616 2894 erat),
655 2823 946 2891 laterisque
986 2823 1141 2893 piger
1183 2822 1419 2874 sulcator
1461 2824 1614 2893 opaci

178 2896 394 2950 Invitus
433 2896 671 2949 trahitur
709 2897 853 2950 lasso
896 2897 958 2949 de
997 2900 1214 2966 pectore
1251 2897 1436 2950 Vultur

1799 611 1887 651 310

1798 982 1883 1021 315

1796 1353 1886 1393 320

1797 1724 1884 1764 325

1795 2096 1883 2136 330

1797 2466 1884 2506 335

1795 2839 1883 2878 340
