2085 3215
173 119 205 170 6
716 114 960 158 CLAVDII
991 112 1321 157 CLAVDIANI

168 253 312 307 Ante
353 253 555 304 dabunt
595 250 798 301 hiemes
836 248 1041 318 Nilum,
1080 267 1175 318 per
1213 248 1436 300 flumina
1477 246 1717 298 dammae

169 328 446 380 Errabunt
487 324 764 395 glacieque
802 323 958 394 niger
998 322 1341 375 damnabitur
1378 320 1560 389 Indus7
1782 333 1865 372 170

169 402 314 454 Ante
353 398 636 468 Thyesteis
677 398 874 449 iterum
914 396 1205 449 conterrita
1244 395 1444 447 mensis

169 474 430 528 Intercisa
472 473 584 524 dies
625 472 844 542 refugos
883 475 1122 523 vertetur
1160 471 1219 522 in
1259 473 1424 538 ortus7

172 549 343 611 Quam
381 547 592 599 Probus
633 566 662 598 a
700 549 888 598 nostro
929 545 1104 614 possit
1145 544 1413 596 discedere
1453 541 1654 594 sensu'.

280 622 507 674 Dixerat
547 624 599 672 et
638 620 795 672 velox
835 620 943 671 iam
980 618 1204 671 nuntius
1250 617 1465 669 advolat
1504 616 1706 668 urbem.

169 696 459 764 Extemplo
501 699 774 763 strepuere
815 693 966 745 chori
1007 693 1276 760 collesque
1317 690 1528 743 canoris
1785 703 1866 742 175

169 770 461 823 Plausibus
502 769 725 838 impulsi
767 772 983 836 septena
1023 785 1153 819 voce
1192 766 1471 817 resultant.
1847 780 1852 782 ·

169 845 427 897 Laetatur
465 843 765 895 veneranda
805 860 998 911 parens
1039 844 1091 893 et
1130 840 1327 909 pollice
1369 840 1525 891 docto

169 918 285 971 Iam
324 921 479 987 parat
520 920 734 968 auratas
774 917 988 968 trabeas
1030 915 1344 982 cinctusque
1383 913 1644 965 micantes

172 992 429 1061 Stamine‚
471 991 615 1060 quod
653 990 807 1042 molli
847 990 1073 1042 tondent
1115 989 1176 1040 de
1220 988 1405 1057 stipite
1447 986 1600 1039 Seres

169 1066 415 1119 Frondea
455 1066 727 1135 lanigerae
769 1068 1045 1132 carpentes
1085 1063 1283 1115 vellera
1329 1062 1510 1129 silvae,
1784 1074 1868 1113 180

170 1140 245 1192 Et
284 1140 509 1210 longum
548 1144 736 1190 tenues
775 1142 981 1190 tractus
1021 1137 1271 1206 producit
1312 1137 1369 1187 in
1407 1155 1598 1187 aurum

169 1214 212 1266 F
218 1214 396 1282 ilaque
438 1217 686 1265 concreto
729 1212 876 1282 cogit
918 1212 1162 1279 squalere
1200 1210 1441 1263 metallo:

173 1288 360 1350 Qualis
401 1305 697 1356 purpureas
736 1286 1029 1354 praebebat
1073 1285 1296 1337 candida
1336 1287 1512 1336 vestes

170 1361 504 1415 Numinibus
542 1361 751 1412 Latona
794 1360 922 1429 suis7
964 1378 1084 1411 cum
1125 1377 1275 1411 sacra
1314 1358 1549 1410 redirent

171 1435 259 1488 Ad
296 1437 414 1487 loca
453 1435 684 1488 nutricis
726 1434 833 1486 iam
870 1452 983 1485 non
1025 1433 1261 1489 errantia,
1298 1432 1438 1502 Deli,
1788 1444 1870 1483 185

171 1510 274 1562 Illa
314 1510 456 1562 feros
499 1509 669 1561 saltus
711 1512 762 1560 et
805 1508 1043 1560 desolata
1084 1507 1393 1575 relinquens

173 1584 419 1636 Maenala
458 1583 661 1635 lassato
705 1582 865 1634 certis
905 1582 1190 1634 venatibus
1231 1600 1372 1651 arm,

173 1659 426 1711 Phoebus
467 1657 641 1709 adhuc
678 1657 853 1727 nigris
893 1656 1133 1708 rorantia
1173 1655 1281 1707 tela
1320 1654 1539 1706 venenis

174 1733 434 1785 Extincto
474 1731 723 1799 Pythone
765 1749 978 1801 gerens3
1018 1733 1146 1781 tunc
1186 1729 1364 1781 insula
1401 1731 1562 1780 notos

173 1806 392 1858 Lambit
433 1806 603 1857 amica
643 1805 802 1873 pedes
843 1804 1088 1872 ridetque
1126 1803 1374 1873 Aegaeus
1416 1801 1648 1853 alumnis
1789 1816 1872 1854 190

174 1881 373 1933 Lenior
413 1884 464 1931 et
505 1880 702 1930 blando
743 1882 976 1930 testatur
1015 1878 1211 1948 gaudia
1251 1878 1431 1928 fluctu,

290 1954 377 2006 Sic
417 1953 595 2005 Proba
635 1953 922 2021 praecipuo
963 1956 1121 2004 natos
1163 1954 1387 2003 exornat
1428 1950 1648 2002 amictu:

179 2028 323 2090 Quae
365 2028 579 2079 decorat
619 2027 899 2094 mundum,
941 2026 1092 2077 cuius
1132 2025 1376 2077 Romana
1415 2027 1657 2093 potestas

175 2102 401 2154 Fetibus
443 2105 682 2172 augetur.
766 2100 961 2152 Credas
1003 2119 1066 2152 ex
1107 2099 1320 2152 aethere
1359 2099 1568 2167 lapsam

178 2176 331 2229 Stare
370 2175 697 2228 Pudicitiam
736 2175 822 2226 vel
863 2193 1012 2226 sacro
1054 2178 1173 2225 ture
1212 2178 1458 2225 vocatam
1791 2186 1875 2224 195

177 2249 438 2302 Iunonem
476 2248 714 2302 Inachiis
757 2249 941 2300 oculos
982 2248 1256 2299 advertere
1295 2246 1527 2314 templis.

180 2324 365 2376 Talem
403 2324 553 2376 nulla
593 2324 755 2375 refert
796 2323 1036 2390 antiquis
1075 2322 1273 2391 pagina
1313 2320 1470 2372 libris

177 2398 292 2450 Nec
331 2398 519 2450 Latiae
561 2397 796 2449 cecinere
835 2397 998 2448 tubae
1036 2414 1134 2448 nec
1176 2394 1337 2447 Graia
1377 2397 1631 2445 vetustas,

183 2472 423 2542 Coniuge
465 2472 626 2542 digna
664 2471 867 2540 Probo3
906 2489 1031 2522 nam
1070 2473 1283 2521 tantum
1325 2467 1566 2519 coetibus
1608 2470 1753 2519 extat

178 2545 464 2615 Femineis,
506 2548 766 2613 quantum
808 2544 1166 2613 supereminet
1207 2543 1299 2594 ille
1338 2541 1577 2593 maritos.
1792 2555 1876 2594 200

184 2619 293 2671 Ceu
335 2620 441 2671 sibi
482 2623 762 2688 certantes7
803 2637 961 2670 sexus
1003 2617 1134 2686 quid
1171 2616 1346 2685 possit
1384 2619 1624 2684 uterque,

182 2693 340 2745 Hunc
381 2694 558 2763 legere
597 2698 790 2745 torum.
870 2692 1065 2744 Taceat
1103 2690 1335 2743 Nereida
1373 2693 1599 2758 nuptam

307 2874 390 2913 198
440 2868 601 2925 Graia]
651 2869 899 2923 Heinsius;
939 2870 1090 2924 grata,
1126 2879 1310 2922 graeca.
1481 2869 1565 2908 201
1602 2864 1734 2922 quid]
1773 2864 1878 2908 Cla-

183 2929 359 2984 verius;
393 2927 487 2983 qui.
664 2933 747 2971 202
781 2928 959 2985 torum]
997 2926 1256 2981 Claverius;
1289 2924 1349 2968 ad
1380 2925 1558 2968 herum.
