2085 3215
431 121 524 179 (V.)
556 122 623 166 IN
653 122 936 167 RVFINVM
967 123 1150 167 LIBER
1183 123 1508 170 SECVNDVS.
1745 126 1814 178 37

123 256 263 320 Quid
303 257 517 309 demens
556 256 842 309 manifesta
880 259 1083 328 negas?
1144 259 1231 311 En
1269 263 1455 327 pectus
1494 259 1703 312 inustae

119 331 439 384 Deformant
477 330 717 383 maculae
756 331 1008 399 vitiisque
1048 333 1270 384 inolevit
1310 333 1488 404 imago
1721 347 1808 387 505

118 403 233 458 Nec
274 423 388 457 sese
429 404 713 457 commissa
751 408 956 475 tegunt.
1038 404 1217 457 Genus
1261 425 1414 458 omne
1455 407 1700 459 dolorum

119 477 185 531 In
221 482 275 531 te
315 479 453 531 ferre
494 478 648 530 libet:
690 478 852 530 dubio
892 478 994 530 tibi
1033 479 1263 547 pendula
1303 499 1462 548 rupes

118 551 385 606 Inmineat
424 553 595 621 laPSU‚
634 552 851 604 volucer
889 556 942 604 te
982 556 1232 621 torqueat
1274 553 1403 622 axiS‚

119 626 193 679 Te
232 627 409 697 refugi
449 627 642 678 fallant
680 626 867 678 latices
909 630 1069 694 atque
1111 644 1201 678 ore
1239 627 1449 678 natanti

119 700 346 763 Arescat
387 701 605 768 decepta
646 699 780 769 sitis,
821 700 1155 768 dapibusque
1195 699 1397 751 relictis
1728 715 1812 754 510

118 773 184 827 In
221 778 316 826 tua
355 791 640 827 mansurus
679 773 876 844 migret
915 773 1225 842 praecordia
1264 774 1461 825 vultur.

121 847 457 917 Quamquam
498 865 680 899 omnes
721 847 828 917 ahi,
869 865 1004 915 quos
1043 848 1174 899 haec
1212 850 1481 899 tormenta
1520 847 1768 917 fatigant

117 922 252 974 Pars
293 925 458 990 quota
499 925 639 991 sunt,
678 920 887 990 Rufine
927 921 1028 973 tui!
1095 920 1233 983 Quid
1272 921 1380 972 tale
1420 921 1504 972 vel
1544 921 1717 972 audax

118 995 366 1048 Fulmine
407 994 724 1048 Salmoneus
763 995 849 1047 vel
887 995 1074 1065 lingua
1114 994 1373 1047 Tantalus
1415 995 1526 1065 egit

119 1069 232 1122 Aut
270 1069 577 1122 inconsulto
619 1069 808 1137 Tityos
849 1069 1074 1137 deliquit
1115 1069 1330 1121 amore?
1727 1083 1814 1121 515

123 1143 451 1196 Cunctorum
492 1143 537 1194 si
576 1143 718 1194 facta
760 1143 921 1195 simul
959 1143 1254 1213 iungantur
1292 1142 1350 1194 in
1388 1161 1570 1211 unum,

118 1217 410 1270 Praecedes
448 1235 686 1269 numero
769 1216 866 1269 Cui
905 1220 1059 1269 tanta
1097 1216 1309 1285 piacula
1350 1216 1634 1284 quisquam

122 1290 397 1360 Supplicio
439 1291 679 1343 conferre
718 1291 898 1342 valet?
963 1290 1091 1359 quid
1130 1290 1357 1358 denique
1398 1290 1618 1360 dignum

122 1363 385 1418 Omnibus
424 1365 707 1434 inveniam,
746 1365 964 1416 vincant
1005 1383 1126 1416 cum
1167 1364 1379 1434 singula
1418 1364 1656 1432 poenas?

122 1439 320 1491 Tollite
361 1439 424 1490 de
463 1439 653 1490 mediis
695 1439 995 1491 animarum
1035 1438 1260 1490 dedecus
1299 1437 1519 1490 umbriS.
1729 1451 1816 1490 520

120 1512 447 1582 Adspexisse
489 1516 572 1564 sat
612 1516 707 1564 est.
787 1511 971 1564 Oculis
1011 1512 1119 1564 iam
1157 1511 1360 1580 parcite
1398 1510 1600 1563 nostris

120 1587 195 1639 Et
233 1587 378 1639 Ditis
417 1590 646 1657 purgate
687 1587 887 1638 domos,
964 1584 1186 1656 Agitate
1229 1585 1459 1655 flagellis

121 1660 292 1713 Trans
334 1659 518 1731 Styga,
564 1664 715 1712 trans
755 1660 1009 1729 Erebum,
1057 1677 1226 1712 vacuo
1269 1659 1519 1711 mandate
1557 1658 1815 1711 barathro

119 1733 269 1787 Infra
309 1734 562 1787 Titanum
599 1734 849 1786 tenebras
888 1734 1134 1802 infraque
1175 1751 1416 1786 recessus

121 1808 408 1861 Tartareos
447 1808 730 1877 ipsumque
773 1807 964 1878 Chaos,
1005 1826 1110 1876 qua
1149 1807 1326 1860 noctis
1369 1824 1564 1876 opacae
1732 1819 1816 1858 525

121 1881 492 1935 Fundamenta
531 1883 726 1951 latent3
766 1900 1020 1950 praeceps
1060 1881 1137 1934 ibi
1175 1900 1383 1934 mersus
1425 1880 1653 1948 anhelet,

121 1956 266 2009 Dum
305 1959 450 2009 rotat
491 1960 636 2008 astra
675 1956 848 2025 polUS‚
888 1956 1089 2008 feriunt
1129 1955 1255 2008 dum
1294 1955 1457 2008 litora
1495 1953 1674 2008 venti?

244 2121 328 2161 525
361 2116 631 2174 ipsumque]
668 2117 878 2171 Birtiu85
909 2116 1226 2170 nostrumque.
