2085 3215
345 99 479 156 (XV.)
515 98 594 142 DE
628 98 821 142 BELLO
857 98 1183 144 GILDONICO
1216 99 1396 143 LIBER
1426 99 1667 144 PRIMVS.
1782 101 1852 152 39

270 233 355 288 Si
392 252 511 287 mea
550 234 818 286 mansuris
858 238 1165 287 meruerunt
1205 235 1413 287 moenia
1453 235 1617 305 nasci,

157 308 416 378 Iuppiter⁷
456 308 713 379 3118111113,
756 308 800 360 31
841 312 986 359 313111
1026 308 1230 360 inmota
1272 308 1509 377 Sibyllae

159 382 424 452 Carmina
465 382 718 451 Tarpeias
760 382 805 434 si
844 382 1071 434 necdum
1110 383 1318 450 respuis
1361 402 1529 436 arces:
1796 398 1852 437 30

154 456 399 509 Advenio
442 457 684 525 supplex,
722 475 834 508 non
871 459 932 507 ut
972 456 1246 523 proculcet
1286 456 1503 508 Araxen

158 530 361 583 Consul
402 549 566 583 ovans
606 534 888 582 nostraeve
927 534 1173 598 premant
1213 530 1523 598 pharetrata
1566 550 1775 584 secures

156 603 308 674 Susa,
346 623 443 657 nec
482 608 543 656 ut
583 604 784 656 Rubris
826 604 1033 672 aquilas
1074 604 1304 674 figamus
1344 604 1573 656 harenis

154 678 301 730 Haec
341 678 516 747 nobis7
555 678 685 730 haec
726 682 849 729 ante
890 678 1076 747 dabasg
1114 696 1257 729 nunc-
1296 678 1495 746 pabula
1535 684 1748 731 tantum

152 752 325 804 Roma
365 771 566 820 precor.
630 752 884 804 Miserere
916 755 1056 821 11139,
1094 756 1248 820 pater
1282 752 1497 821 optime,
1530 753 1723 823 8911113,
1795 768 1850 807 35

152 826 469 878 Extremam
509 826 728 878 defende
769 827 978 878 famem.
1059 825 1384 878 Satiavimus
1424 826 1561 878 iram

153 899 210 952 Si
252 919 355 968 qua
396 900 522 970 fuit3
562 901 794 971 lugenda
837 900 986 953 Getis
1028 904 1078 952 et
1120 900 1293 952 flenda
1336 899 1527 952 Suebis

150 973 470 1044 Hausimus3
510 975 627 1043 ipsa
666 993 814 1027 meos
854 975 1098 1026 horreret
1139 974 1360 1026 Parthia
1403 993 1571 1027 casus,

152 1047 294 1110 Quid
332 1049 560 1100 referam
600 1049 840 1101 morbive
880 1049 1025 1100 luem
1063 1049 1369 1101 tumulosve
1409 1049 1643 1117 repletos

153 1121 440 1193 Stragibus
480 1126 531 1174 et
574 1123 786 1175 01·911133
828 1127 1080 1191 corrupto
1123 1122 1292 1174 sidere
1332 1124 1570 1175 mortes?
1793 1139 1849 1178 40

148 1196 263 1248 Aut
301 1197 525 1249 fluvium
562 1215 658 1265 per
696 1201 838 1250 tecta
877 1216 1075 1267 vagum
1116 1197 1444 1264 summisque
1483 1197 1749 1251 minatum

153 1270 433 1322 Collibus?
494 1269 747 1341 Ingentes
787 1271 908 1323 vexi
948 1289 1241 1322 summersa
1283 1271 1490 1322 carinas

149 1344 548 1412 Remorumque
590 1364 751 1397 sonos
792 1349 844 1396 et
883 1345 1123 1397 ΡΠ11139
1164 1345 1374 1396 saecula
1416 1345 1571 1397 sensi.

264 1418 359 1470 Ei
398 1419 547 1488 1111111,
590 1438 695 1486 quo
735 1419 921 1471 Latiae
960 1419 1100 1471 vires
1141 1419 1398 1486 urbisque
1437 1422 1680 1487 pote-stas

149 1491 383 1545 Decidit!
423 1493 481 1544 in
521 1494 734 1560 qualem
773 1493 1036 1561 paulatim
1075 1493 1329 1544 fluximus
1369 1493 1637 1545 umbram!
1791 1509 1847 1547 45

147 1565 375 1618 Armato
418 1567 688 1635 quondam
725 1568 928 1635 populo
967 1571 1290 1635 patrumque
1329 1566 1580 1637 vigebam

152 1639 430 1710 Conciliis3
472 1640 653 1692 domui
691 1645 864 1692 terras
905 1641 1173 1708 urbesque
1213 1640 1420 1692 revinxi

147 1714 406 1785 Legibus:
447 1715 514 1766 ad
555 1715 723 1767 solem
761 1715 956 1767 victrix
994 1719 1283 1783 utrumque
1324 1715 1547 1767 cucurri.

148 1787 447 1856 Postquam
485 1789 603 1840 iura
643 1790 795 1841 ferox
834 1789 892 1841 in
931 1808 986 1841 se
1028 1788 1330 1841 communia
1373 1788 1569 1841 Caesar

148 1861 450 1914 Transtulit
491 1867 542 1914 et
582 1863 722 1931 lapsi
760 1882 937 1915 mores
979 1863 1303 1931 desuetaque
1342 1863 1534 1931 priscis
1790 1881 1846 1920 50

146 1935 376 1988 Artibus
414 1936 472 1988 in
510 1937 775 2019 gremium
813 1937 961 2005 pacis
1002 1937 1193 1989 servile
1232 1938 1443 2006 recessi,

149 2009 253 2062 Tot
293 2009 427 2062 mihi
465 2029 564 2078 pro
604 2010 810 2062 meritis
848 2011 1077 2078 Libyam
1115 2010 1410 2079 Nilumque
1451 2011 1654 2081 dedere,

147 2083 223 2135 Vt
265 2084 535 2136 dominam
574 2085 786 2152 plebem
825 2085 1249 2166 bellatoremque
1290 2088 1536 2137 senatum

150 2156 429 2210 Classibus
469 2158 687 2210 aestivis
729 2158 932 2210 alerent
973 2157 1293 2228 geminoque
1332 2158 1570 2210 vicissim

146 2231 330 2284 Litore
372 2231 567 2284 diversi
608 2232 937 2300 complerent
977 2232 1168 2284 horrea
1208 2231 1367 2283 venti.
1787 2249 1845 2286 55

150 2303 343 2358 Stabat
384 2310 527 2358 certa
568 2306 736 2358 salus:
776 2306 1043 2374 Memphis
1084 2306 1130 2357 31
1169 2306 1309 2357 forte
1347 2309 1615 2376 negasset,

145 2379 448 2432 Pensabam
485 2380 743 2432 Pharium
785 2379 1027 2433 Gaetulis
1067 2380 1333 2431 messibus
1375 2398 1588 2450 3111111111,

146 2452 458 2525 Frugiferas
500 2459 702 2506 certare
742 2458 884 2507 rates
924 2455 1138 2522 lateque
1178 2454 1424 2506 videbam

145 2526 350 2580 Punica
388 2527 615 2580 Niliacis
656 2547 970 2580 concurrere
1011 2528 1233 2581 carbasa
1271 2527 1418 2580 velis,

150 2600 285 2654 Cum
324 2602 491 2654 subiit
530 2621 628 2670 par
665 2602 838 2654 Roma
877 2602 1010 2655 mihi
1050 2602 1325 2669 divisaque
1366 2601 1598 2670 sumpsit
1788 2618 1844 2657 60

146 2673 416 2743 Aequales
455 2675 666 2729 Aurora
705 2680 879 2747 togas,
917 2676 1188 2747 Aegyptia
1228 2694 1352 2727 rura

142 2745 214 2800 In
250 2753 461 2818 partem
500 2768 704 2803 cessere
742 2769 927 2803 novae.
1007 2750 1139 2818 Spes
1179 2749 1336 2801 unica
1375 2749 1533 2802 nobis

149 2821 414 2875 Restabat
452 2823 671 2894 Libyae,
712 2843 847 2893 quae
886 2825 976 2876 vix
1017 2841 1280 2894 aegreque
1319 2824 1559 2878 fovebat:

150 2895 280 2949 Solo
320 2897 480 2950 ducta
518 2868 682 2969 Noto,
720 2917 1016 2968 numquam
1057 2916 1242 2950 secura
1281 2898 1467 2968 fut-uri,
