2085 3215
129 71 220 126 (X.)
253 67 721 112 EPITHALAMIVM
752 67 830 111 DE
864 67 950 111 NV
956 67 1104 112 PTIIS
1137 67 1396 113 HONORII
1422 67 1698 113 AVGVSTI.
1750 67 1820 120 93

654 279 1299 338 EPITHALAMIVM.

925 406 1024 463 (K)

238 500 507 552 Hauserat
547 498 798 551 insolitos
838 498 1135 566 promissae
1175 499 1404 569 virginis
1446 499 1597 569 ignes

126 573 408 645 Augustus
448 573 729 643 primoque
769 572 917 624 rudis
956 572 1277 642 flagraverat
1318 576 1491 641 aestu3

125 647 240 701 Nec
278 667 449 700 novus
489 647 627 699 unde
668 646 813 698 calor
851 665 946 698 nec
989 646 1119 714 quid
1158 646 1391 715 suspiria
1431 646 1652 714 vellent,

127 721 368 774 Noverat
408 721 672 789 incipiens
713 725 765 773 et
806 720 977 772 adhuc
1017 720 1238 791 ignarus
1279 720 1507 772 amandi.

125 795 254 848 Non
293 797 376 848 illi
415 799 639 848 venator
678 813 870 864 equus7
908 813 1019 846 non
1059 795 1265 863 spicula
1307 813 1488 864 curae,
1797 809 1822 847 5

125 869 254 922 Non
293 870 529 922 iaculum
567 873 818 937 torquere
857 869 1015 938 libet3
1041 879 1204 921 ‘mens
1247 868 1421 921 omnis
1462 869 1675 920 aberrat

125 942 190 996 In
227 945 446 1013 vulnus,
488 943 631 1012 quod
669 943 789 995 fixit
829 942 1011 995 Amor.
1092 942 1263 1005 Quam
1303 961 1459 1012 saepe
1498 942 1747 994 medullis

127 1018 326 1087 Erupit
366 1018 622 1089 gemitus!
664 1017 914 1085 quotiens
954 1017 1232 1069 incanduit
1273 1036 1362 1069 ore

128 1091 419 1144 Confessus
461 1095 663 1144 secreta
703 1092 869 1143 rubor
906 1110 1208 1160 nomenque
1248 1091 1467 1143 beatum

125 1164 369 1218 Iniussae
411 1166 671 1234 scripsere
710 1168 927 1218 manus!
1004 1164 1119 1217 Iam
1158 1183 1378 1217 munera
1417 1169 1615 1233 nuptae
1771 1179 1824 1217 10

125 1240 417 1309 Praeparat
457 1244 509 1292 et
548 1240 826 1309 pulchrOS‚
866 1240 1069 1292 Mariae
1111 1240 1203 1291 sed
1241 1240 1358 1291 luce
1398 1239 1633 1291 minores

125 1314 302 1385 Eligit
345 1318 588 1384 ornatuS‚
629 1314 892 1382 quidquid
930 1314 1254 1366 venerabilis
1296 1313 1426 1365 olim

125 1388 280 1440 Livia
322 1389 673 1456 divorumque
711 1407 880 1440 nurus
920 1407 1133 1458 gessere
1174 1388 1447 1457 superbae.

126 1461 345 1515 Incusat
387 1481 507 1532 spes
547 1480 707 1532 aegra
746 1481 925 1514 moras
965 1463 1222 1533 longique
1262 1462 1513 1513 videntur

128 1536 281 1589 Stare
322 1537 434 1588 dies
477 1555 799 1606 segnemque
839 1540 1014 1588 rotam
1052 1555 1163 1588 non
1202 1537 1413 1588 flectere
1452 1534 1682 1586 Phoebe.
1772 1548 1824 1586 15

128 1610 316 1679 Scyria
357 1611 434 1663 sic
473 1614 718 1662 tenerum
757 1610 911 1681 Virgo
952 1610 1263 1662 flammabat
1302 1609 1573 1661 Achillem

125 1684 354 1737 Fraudis
395 1685 567 1737 adhuc
607 1702 794 1753 expers
834 1684 1246 1753 bellatricesque
1289 1684 1513 1736 docebat

126 1759 333 1811 Ducere
372 1760 465 1811 fila
504 1777 694 1811 manus
735 1763 808 1829 et7
849 1777 975 1811 mox
1017 1777 1150 1827 quos
1190 1758 1404 1810 horruit
1443 1756 1558 1826 Ide,

126 1832 467 1885 Thessalicos
508 1851 661 1885 roseo
701 1833 951 1885 nectebat
990 1833 1186 1902 pollice
1228 1833 1415 1884 crines,

239 1907 387 1959 Haec
405 1907 566 1959 etiam
592 1908 835 1974 queritur
860 1925 1061 1959 secum:
1095 1906 1360 1969 eQuonam
1377 1924 1548 1974 usque
1565 1905 1825 1957 verendus

131 1981 427 2033 (June-tatur
467 1999 584 2032 mea
623 1985 749 2032 vota
790 1982 976 2033 socer‘?
1017 1981 1146 2049 quid
1185 1981 1406 2050 iimgere
1447 1980 1646 2047 differt,
1769 1994 1823 2031 21

132 2054 303 2116 Quam
342 2055 574 2125 pepigit,
615 2059 896 2123 castasque
936 2073 1119 2124 preces
1160 2055 1381 2122 implere
1422 2053 1669 2105 recusat?

129 2128 257 2181 Non
297 2147 395 2199 ego
437 2129 704 2180 luxuriem
743 2148 931 2199 regum
963 2147 1272 2196 moremque
1314 2131 1527 2179 secutus
1622 2125 1625 2127 ’

130 2202 382 2265 Quaesivi
422 2203 632 2255 vultum
671 2203 948 2273 thalamiS‚
987 2207 1048 2255 ut
1086 2202 1278 2254 nuntia
1318 2202 1520 2253 formae

128 2277 273 2329 Lena
311 2296 406 2345 per
446 2277 755 2329 innumeros
796 2277 898 2329 iret
937 2277 1147 2346 pictura
1187 2279 1429 2344 penateS‚
1768 2288 1824 2328 25

127 2350 242 2403 Nec
281 2351 446 2403 variis
488 2351 710 2403 dubium
749 2352 1004 2404 thalamis
1044 2352 1252 2403 laturus
1293 2367 1528 2402 amorem

129 2424 313 2477 Ardua
355 2426 600 2477 commisi
640 2426 807 2478 falsae
848 2425 1077 2478 conubia
1119 2443 1280 2477 cerae.

128 2498 256 2551 Non
295 2500 446 2568 rapio
486 2518 739 2568 praeceps
780 2500 985 2552 alienae
1024 2499 1236 2552 foedera
1276 2497 1483 2566 taedae,

131 2572 234 2625 Sed
274 2592 408 2641 quae
449 2592 645 2642 sponsa
684 2574 820 2626 mihi
859 2574 1065 2643 pridem
1104 2573 1382 2642 patrisque
1423 2571 1608 2624 relicta

130 2646 402 2699 Mandatis
441 2667 548 2700 uno
589 2649 819 2701 materni
860 2648 1140 2719 sanguinis
1183 2651 1304 2699 ortu
1769 2659 1825 2699 30

134 2719 483 2773 Communem
521 2723 756 2805 partitur
795 2742 966 2774 avinn.
1044 2721 1285 2773 Fastidia
1330 2720 1555 2789 supplex

132 2793 372 2862 Deposui
412 2796 661 2879 gessique
700 2815 943 2866 pr300um
985 2796 1046 2848 de
1086 2796 1270 2847 limine
1311 2813 1461 2846 sacro

134 2866 359 2921 Oratum
397 2870 522 2921 misi
561 2889 829 2940 proceres,
871 2871 963 2939 qui
1002 2870 1248 2939 proxima
1286 2869 1445 2922 nobis
