2085 3215
135 148 209 201 24
685 143 934 189 CLAVDII
965 141 1295 187 CLAVDIANI

136 283 253 337 Iam
293 283 450 335 rubet
491 281 633 333 altus
672 279 846 348 Halys
885 296 983 330 nec
1023 296 1079 330 se
1120 277 1356 330 defendit
1396 277 1582 344 iniquo

141 355 329 409 Monte
373 355 524 408 Cilix.
604 353 790 422 Syriae
829 355 1036 404 tractus
1076 355 1359 404 vastantur
1398 349 1609 402 amoeni

138 430 545 497 Adsuetumque
587 427 764 480 choris
805 430 858 478 et
897 427 1040 478 laeta
1079 426 1236 494 plebe
1277 442 1533 476 canorum

136 503 374 556 Proterit
413 501 686 554 imbellem
734 500 950 569 sonipes
989 499 1206 551 hostilis
1249 497 1520 550 Orontem.
1781 511 1834 549 35

134 577 278 629 Hinc
316 577 566 645 planctus
605 574 789 644 Asiae3
831 573 1031 627 Geticis
1070 572 1291 640 Europa
1332 570 1558 623 catervis

133 650 394 703 Ludibrio
434 650 767 719 praedaeque
809 648 966 700 datur
1004 645 1304 698 frondentis
1345 645 1413 697 ad
1450 663 1620 714 usque

133 724 439 777 Dalmatiae
478 725 634 776 fines:
678 722 851 775 omnis
892 739 1027 789 quae
1066 719 1267 772 mobile
1305 719 1469 772 Ponti

135 798 356 867 Aequor
396 801 448 850 et
486 797 746 850 Adriacas
785 795 948 847 tellus
988 793 1268 847 interiacet
1308 793 1480 846 undas

136 872 359 941 Squalet
399 872 556 940 inops
596 870 882 939 pecudum,
920 868 1087 921 nullis
1127 868 1373 920 habitata
1412 867 1634 939 colonis,
1782 884 1837 922 40

135 945 318 998 Instar
357 945 660 998 anhelantis
698 944 925 1013 Libyae,
966 961 1102 1012 quae
1140 942 1345 994 torrida
1386 960 1594 1011 semper

136 1019 356 1073 Solibus
395 1020 631 1071 humano
670 1018 842 1070 nescit
880 1035 1252 1069 mansuescere
1293 1017 1454 1069 cultu.

133 1093 426 1146 Thessalus
468 1093 617 1145 ardet
658 1111 808 1163 ager3
848 1091 1037 1144 reticet
1075 1095 1293 1160 pastore
1333 1091 1523 1162 fugato

132 1167 346 1236 Pelion3
385 1166 668 1219 Emathias
707 1166 851 1236 ignis
890 1165 1183 1235 populatur
1223 1165 1431 1217 aristas,

132 1240 277 1293 Nam
315 1241 478 1311 plaga
516 1240 827 1292 Pannoniae
865 1239 1274 1307 miserandaque
1319 1239 1530 1291 moenia
1570 1239 1838 1293 Thracum

132 1314 386 1383 Arvaque
425 1314 706 1383 Mysorum
745 1313 853 1366 iam
890 1313 1029 1366 nulli
1067 1313 1246 1365 flebile
1287 1313 1553 1384 damnum,
1778 1329 1837 1369 46

135 1388 241 1442 Sed
281 1407 468 1440 cursus
510 1388 787 1440 sollemnis
829 1391 942 1440 erat
984 1406 1309 1456 campusque
1349 1387 1521 1440 furori

134 1461 457 1532 ExposituS‚
499 1480 821 1531 sensumque
860 1461 1017 1514 malis
1059 1462 1362 1514 detraxerat
1400 1480 1545 1514 usus,

132 1536 290 1588 Eheu
331 1554 492 1604 quam
530 1536 784 1588 brevibus
823 1539 1050 1605 pereunt
1089 1536 1331 1606 ingentia
1369 1535 1519 1589 fatis!

134 1608 427 1678 Imperium
466 1613 619 1663 tanto
662 1610 966 1678 quaesitum
1007 1610 1290 1681 sanguine,
1329 1613 1483 1662 tanto
1779 1626 1835 1663 50

136 1683 440 1753 Servatum,
482 1683 626 1753 quod
664 1683 812 1736 mille
853 1684 1047 1736 ducum
1085 1702 1338 1753 peperere
1376 1684 1606 1755 laboreS,

136 1757 292 1819 Quod
328 1757 497 1810 tantis
536 1758 782 1810 Romana
820 1777 1011 1810 manus
1053 1758 1328 1811 contexuit
1368 1758 1537 1829 anniS,

133 1830 388 1883 Proditor
426 1850 565 1884 unus
605 1831 749 1884 iners
789 1835 1021 1903 angusto
1061 1835 1303 1902 tempore
1342 1833 1517 1886 vertit.
1555 1869 1559 1873 -

245 1904 391 1957 Vrbs
432 1906 593 1958 etiam
602 1950 614 1975 7
654 1925 880 1977 magnae
921 1925 1056 1975 quae
1097 1906 1309 1959 ducitur
1348 1907 1558 1960 aemula
1596 1908 1803 1961 Romae

132 1977 206 2030 Et
250 1978 635 2032 Calchedonias
677 1984 864 2032 contra
904 1980 1177 2049 despectat
1217 1981 1460 2051 harenaS‚
1779 1996 1834 2036 55

131 2050 247 2104 Iam
286 2071 397 2105 non
435 2054 664 2106 finitimo
705 2053 898 2106 Martis
937 2058 1142 2107 terrore
1181 2059 1441 2125 movetur,

134 2124 239 2178 Sed
276 2127 500 2196 propius
539 2128 716 2180 lucere
755 2129 898 2181 faces
940 2132 993 2181 et
1031 2148 1193 2182 rauca
1234 2148 1424 2183 sonare

134 2198 347 2252 Cornua
385 2201 718 2270 vibratisque
757 2203 870 2271 peti
908 2203 1129 2274 fastigia
1165 2204 1290 2256 telis

130 2272 392 2342 Adspicit.
469 2274 544 2327 Hi
583 2276 737 2347 vigili
776 2295 960 2330 muros
1002 2277 1240 2330 statione
1274 2278 1430 2347 tueri,

130 2345 204 2398 Hi
244 2347 442 2401 iunctis
481 2354 773 2418 properant
811 2354 1003 2419 portus
1041 2351 1251 2403 munire
1291 2352 1500 2404 carinis
1777 2367 1832 2406 &0

132 2418 366 2474 Obsessa
404 2426 587 2476 tamen
624 2424 717 2476 ille
756 2425 902 2477 ferus
941 2425 1175 2477 laetatur
1213 2425 1271 2477 in
1309 2426 1441 2478 urbe

128 2491 464 2565 Exultatque
502 2498 660 2550 malis
701 2517 1046 2568 summaeque
1087 2517 1151 2551 ex
1191 2500 1421 2552 culmine
1462 2500 1629 2552 turris

127 2565 301 2635 Impia
340 2570 501 2623 vicini
542 2572 710 2624 cernit
751 2574 1057 2641 spectacula
1097 2574 1292 2642 campi:

127 2638 354 2695 Vinctas
392 2644 470 2696 ire
508 2664 676 2698 nurus
686 2690 700 2717 7
739 2646 889 2699 hunc·
920 2647 978 2700 in
1015 2647 1151 2699 vada
1187 2648 1435 2716 proxima
1473 2648 1644 2718 mergi

129 2712 480 2788 Seminecem,
520 2719 663 2772 hunc
704 2720 885 2773 subito
925 2740 1240 2790 percussum
1279 2722 1499 2774 vulnere
1538 2721 1651 2774 labi
1774 2735 1830 2776 65

127 2785 272 2840 Dum
312 2790 476 2861 fugit,
516 2792 659 2846 hunc
699 2794 933 2847 animam
971 2795 1145 2864 portis
1185 2795 1368 2848 efflare
1410 2795 1510 2848 sub
1550 2795 1706 2866 ipsis-3

125 2858 243 2914 Nec
285 2881 445 2916 canos
484 2867 739 2933 prodesse
782 2869 896 2921 sem'
934 2869 1194 2937 puerique
1235 2887 1426 2922 cruore

122 2932 405 2990 Maternos
444 2940 647 2993 undare
688 2942 851 2995 sinus,
929 2941 1183 2995 Inmensa
1218 2944 1471 3012 voluptas
