2085 3215
470 111 561 168 (V.)
594 110 658 154 IN
691 110 976 154 RVFINVM
1006 109 1189 154 LIBER
1221 108 1551 153 SECVNDVS.
1784 110 1854 161 29

159 244 290 316 Vos,
329 264 546 298 arsurae
585 246 746 298 urbes
785 245 1131 314 perituraque
1169 245 1395 315 moenia,
1433 248 1625 297 testor:
1771 259 1856 298 215

163 318 303 372 Cedo
344 320 590 388 equidem
629 323 683 371 et
720 319 976 371 miserum
1013 319 1268 387 permitto
1311 319 1524 371 casibus
1565 319 1762 371 orbem.

158 392 385 446 Flectite
426 394 596 465 signa,
636 393 808 445 duces,
886 393 1090 445 Redeat
1128 393 1236 444 iam
1275 393 1429 445 miles
1467 393 1632 445 Eous,

158 468 462 520 Parendum
502 471 596 519 est.
675 467 909 519 Taceant
948 466 1084 518 litui.
1161 466 1452 518 Prohibete
1494 467 1736 537 sagittas,

158 542 371 594 Parcite
414 542 668 613 contiguo
711 574 780 578 —
820 541 1051 592 Rufinus
1091 540 1375 608 praecipit!
1419 572 1486 578 --
1527 541 1708 593 hosti.'

269 615 372 668 His
413 616 569 668 dictis
611 634 794 667 omnes
833 634 940 666 una
978 615 1242 666 fremuere
1280 614 1506 682 manipli
1772 629 1857 668 220

160 690 433 753 Quantum
471 708 583 741 non
620 688 761 741 Italo
800 707 1054 757 percussa
1096 687 1357 741 Ceraunia
1396 688 1580 757 fluctu7

160 763 433 827 Quantum
471 782 583 815 non
619 763 848 815 madidis
888 763 1019 814 elisa
1058 763 1301 814 tonitrua
1343 761 1547 830 Cauris⁷

158 837 480 906 Secernique
518 841 720 908 negant
754 841 1048 906 ereptaque
1087 835 1291 905 proelia
1329 839 1576 905 poscunt,

156 910 538 983 Insignemque
580 912 768 964 ducem
805 912 1040 980 populus
1082 910 1317 963 defendit
1356 913 1582 978 uterque

156 986 231 1038 Et
271 986 376 1038 sibi
417 986 643 1054 quisque
682 985 865 1038 trahit.
943 985 1143 1056 Magno
1185 987 1422 1037 certatur
1462 1002 1656 1054 amore,
1772 999 1855 1037 225

155 1059 545 1128 Alternamque
584 1060 745 1112 fidem
781 1079 893 1112 non
931 1059 1207 1112 inlaudata
1246 1058 1463 1110 lacessit

157 1134 361 1187 Seditio
402 1133 607 1202 talique
648 1134 811 1186 simul
848 1135 1081 1186 clamore
1122 1136 1445 1202 queruntur:

269 1207 422 1270 ‘Quis
461 1208 595 1260 mihi
633 1209 866 1261 nudatos
908 1227 1075 1277 enses7
1117 1207 1237 1276 quis
1277 1207 1386 1259 tela
1425 1206 1640 1259 lacertis

154 1282 381 1335 Excutit
422 1285 474 1334 et
515 1283 653 1335 solvi
693 1286 943 1335 curvatos
983 1283 1212 1350 imperat
1252 1281 1447 1332 arcus?

158 1355 417 1419 Quisnam
457 1357 617 1409 audet
658 1357 847 1409 stricto
887 1357 1034 1428 leges
1073 1356 1347 1425 imponere
1387 1354 1568 1406 ferro?
1769 1369 1856 1408 230

155 1429 497 1483 Inflammata
537 1431 702 1483 semel
739 1431 912 1483 nescit
950 1431 1230 1483 mitescere
1269 1429 1456 1481 virtus

153 1503 270 1557 Iam
308 1504 443 1556 mihi
482 1505 795 1558 barbaricos
837 1505 1075 1557 sitientia
1115 1504 1227 1573 pila
1268 1521 1483 1555 cruores

155 1578 359 1647 Sponte
398 1579 584 1632 volant
623 1580 876 1647 ultroque
914 1597 1106 1631 manus
1145 1595 1399 1630 mucrone
1438 1576 1640 1628 furenti

152 1652 385 1706 Ducitur
424 1657 477 1705 et
519 1654 718 1706 siccum
758 1653 999 1724 gladium
1036 1652 1232 1723 vagina
1272 1654 1497 1703 recusat.

151 1726 281 1780 Non
317 1728 507 1796 patiar.
587 1727 875 1796 Semperne
917 1726 1068 1780 Getis
1110 1725 1374 1779 discordia
1413 1727 1600 1777 nostra
1769 1738 1856 1777 235

151 1800 437 1855 Proderit?
513 1802 602 1854 En
638 1802 835 1854 iterum
874 1802 1005 1854 belli
1045 1801 1218 1854 civilis
1257 1800 1459 1870 imago!

154 1874 295 1937 Quid
335 1876 760 1947 consanguineas
801 1876 956 1945 acieS‚
997 1876 1126 1944 quid
1164 1874 1356 1926 dividis
1398 1873 1527 1925 olim

156 1948 458 2002 Concordes
500 1950 744 2018 aquilas?
806 1949 934 2002 Non
973 1949 1313 2001 dissociabile
1354 1965 1548 2015 corpus

155 2022 622 2092 Coniunctumque
663 2042 861 2075 sumus
940 2024 1014 2075 Te
1055 2042 1160 2091 qua
1198 2023 1332 2074 libet
1372 2021 1449 2073 ire
1490 2038 1786 2088 sequemur.

153 2097 227 2149 Te
266 2098 352 2150 vel
391 2097 744 2167 Hyperboreo
787 2098 1093 2149 damnatam
1134 2097 1303 2148 sidere
1345 2094 1568 2163 Thylen,
1767 2109 1855 2148 240

152 2171 227 2224 Το
266 2172 353 2224 vel
392 2173 460 2224 ad
497 2172 742 2224 incensas
780 2171 984 2240 Libyae
1026 2170 1325 2223 comitabor
1363 2169 1605 2220 harenas,

150 2244 409 2299 Indorum
449 2246 494 2298 si
535 2250 728 2317 stagna
766 2249 919 2314 petas
958 2245 1238 2313 Rubrique
1276 2260 1517 2295 recessus

149 2319 368 2391 Litoris,
408 2321 701 2372 auriferum
739 2320 949 2372 veniam
987 2323 1215 2388 poturus
1255 2317 1570 2386 Hydaspem

153 2393 210 2447 Si
251 2394 455 2447 calcare
493 2394 702 2447 Notum
742 2398 1052 2463 secretaque
1089 2410 1310 2446 noscere
1349 2390 1465 2443 Nili

149 2467 438 2521 Nascentis
477 2469 678 2538 iubeas,
717 2469 976 2521 mundum
1015 2472 1140 2537 post
1178 2471 1333 2537 terga
1371 2464 1693 2533 relinquam3
1764 2477 1854 2517 245

150 2542 224 2594 Et
265 2561 601 2611 quocumque
640 2543 760 2595 loco
803 2542 1029 2596 Stilicho
1069 2541 1305 2594 tentoria
1343 2540 1492 2609 figat,

149 2615 298 2668 Haec
336 2617 513 2685 patria
553 2618 668 2670 est.'

701 2691 827 2743 Dux
865 2691 987 2743 inde
1026 2693 1194 2743 vetat:
1237 2687 1533 2756 ‘Desistite‚
1574 2703 1788 2756 quaes0‚

150 2762 332 2832 Atque
372 2764 583 2817 avidam
622 2765 830 2817 differte
869 2784 1101 2817 manum.
1182 2763 1350 2815 Cadat
1389 2761 1492 2814 iste
1531 2759 1755 2812 minacis

149 2836 389 2890 Invidiae
429 2839 688 2892 cumulus,
765 2839 893 2892 Non
932 2843 1014 2891 est
1052 2837 1279 2891 victoria
1318 2836 1473 2907 tanti,

149 2911 226 2964 Vt
265 2911 447 2964 videar
485 2913 676 2965 vicisse
715 2913 861 2966 mihi.
938 2913 1053 2966 Vos
1092 2912 1199 2964 fida
1238 2911 1490 2964 iuventus
1762 2920 1847 2959 250
