2044 3220
216 117 322 170 208
748 114 998 159 Δ(3111117011
1029 113 1363 158 CLAVDIAN1

215 251 328 306 Nec
368 251 550 333 gravis
586 248 776 302 Italiae
815 249 1248 302 formidandusve
1287 249 1507 319 regenti.

326 325 441 377 Nec
479 324 658 376 minus
699 326 916 391 accepto
955 326 1171 375 nostrae
1211 340 1423 375 rumore
1463 322 1710 375 cohortes

219 398 331 470 (Sic
372 398 519 450 ducis
558 400 716 468 urget
757 395 930 468 amor)
969 396 1383 466 properantibus
1422 396 1658 465 undique
1697 396 1866 468 signis

221 471 580 541 Conveniunt,
619 472 841 539 visoque
882 471 1045 522 animi
1086 469 1382 523 Stilichone
1421 470 1620 539 recepti
1821 484 1906 525 406

218 545 501 617 Singultus
540 545 718 597 varios
759 544 1147 613 lacrimosaque
1187 544 1381 616 gaudia
1419 543 1667 596 miscent:

219 619 307 673 Sic
347 622 586 671 armenta
625 619 816 688 boum,
854 618 1022 670 vastis
1064 637 1197 687 quae
1236 617 1452 670 turbida
1493 618 1643 670 silvis

218 693 427 762 Sparsit
465 693 663 762 hiems7
704 696 891 744 cantus
932 711 992 744 ac
1032 693 1190 744 sibila
1228 695 1359 744 nota
1396 691 1643 763 magistri

220 767 481 820 Certatim
518 770 767 836 repetunt
808 770 860 818 et
900 766 1073 818 avitae
1112 784 1310 834 pascua
1348 765 1506 818 vallis
1601 790 1604 792 ’
1823 778 1910 818 410

218 840 387 909 Inque
426 841 596 893 vicem
637 859 691 892 se
731 858 860 892 voce
898 843 1094 910 regunt
1133 840 1474 911 gaudentque
1513 839 1697 891 fideles

217 915 456 967 Reddere
495 915 736 985 mugitus
775 918 827 966 et
837 958 850 984 7
892 933 995 982 qua
1036 932 1199 966 sonus
1239 913 1423 984 attigit
1463 931 1666 984 aurem,

219 989 360 1041 Rara
399 1006 494 1056 per
535 989 790 1040 obscuras
831 988 1088 1056 adparent
1129 1006 1326 1040 cornua
1365 987 1596 1040 frondes,

218 1062 473 1115 Adcurrit
512 1062 686 1114 vicina
725 1080 938 1131 manUS,
979 1080 1139 1130 quam
1176 1061 1368 1114 Raetia
1406 1079 1577 1130 nuper

218 1136 530 1187 Vandalicis
571 1139 783 1187 auctam
824 1135 1011 1203 spoliis
1053 1135 1267 1187 defensa
1306 1135 1579 1205 probavit3
1826 1146 1912 1187 415

218 1209 383 1262 Venit
423 1213 475 1261 et
515 1209 767 1261 extremis
807 1209 950 1280 legio
990 1212 1269 1277 praetenta
1307 1209 1585 1261 Britannis
1595 1253 1608 1279 ,

223 1283 367 1346 Quae
409 1282 596 1336 Scotto
638 1283 728 1335 dat
768 1283 918 1335 frena
958 1283 1098 1334 truci
1136 1283 1384 1351 ferroque
1423 1286 1639 1336 notatas

221 1358 459 1428 Perlegit
500 1357 769 1409 exanimes
808 1357 962 1409 Picto
1003 1357 1264 1409 moriente
1303 1358 1529 1428 figuras·⁷

219 1431 454 1502 Agmina
495 1432 626 1500 quin
665 1431 827 1483 etiam
864 1431 1018 1483 flavis
1060 1431 1269 1483 obiecta
1310 1430 1625 1501 Sygambris

222 1505 473 1574 Quaeque
521 1505 740 1558 domant
790 1503 1016 1557 Chattos
1067 1505 1542 1573 inmansuetosque
1596 1503 1916 1574 CheruscOS,

219 1579 341 1631 Huc
383 1598 565 1631 omnes
604 1583 810 1631 vertere
848 1579 1021 1631 minas
1060 1582 1346 1647 tutumque
1384 1579 1604 1631 remotis
1830 1591 1914 1631 421

221 1653 483 1705 Excubiis
522 1653 772 1705 Rhenum
812 1653 928 1705 solo
968 1656 1172 1705 terrore
1211 1653 1537 1721 relinquunt.

220 1727 416 1779 Vllane
454 1727 744 1796 posteritas
787 1727 1003 1779 credet?
1068 1726 1351 1779 Germania
1393 1727 1662 1795 quondam

224 1800 326 1853 Illa
366 1802 518 1853 ferox
556 1801 794 1871 popufis,
836 1819 970 1869 quae
1009 1801 1099 1853 vix
1138 1801 1468 1853 instantibus
1510 1801 1640 1853 olim

222 1875 564 1944 Principibus
603 1878 721 1926 tota
760 1878 972 1943 poterat
1014 1893 1134 1926 cum
1172 1875 1314 1926 mole
1352 1875 1545 1944 teneri,
1829 1886 1914 1928 425

225 1948 340 2001 Iam
379 1967 494 2001 sese
532 1948 799 2017 placidam
836 1948 1058 2017 praebet
1099 1947 1413 2000 Stilichonis
1452 1948 1702 2019 habeDiS,

223 2022 299 2075 Vt
337 2041 434 2074 nec
473 2023 754 2091 praesidiis
793 2022 996 2074 nudato
1037 2022 1208 2074 Iimite
1248 2025 1476 2091 temptet

223 2097 550 2165 Expositum
591 2097 793 2148 calcare
834 2097 1010 2148 solum
1047 2114 1146 2148 nec
1183 2100 1423 2149 transeat
1463 2116 1695 2168 amnem,

223 2169 613 2223 Incustoditam
652 2174 895 2222 metuens
935 2170 1199 2241 attingere
1238 2171 1424 2239 ripam.

340 2243 545 2296 Celsior
586 2263 615 2296 o
657 2245 862 2296 cunctis
901 2245 1100 2313 unique
1141 2245 1412 2313 aequande
1456 2243 1705 2297 Camillo!
1829 2257 1918 2297 430

224 2317 438 2370 Vestris
476 2337 708 2387 namque
748 2319 910 2370 armis
949 2317 1153 2370 Alarici
1192 2319 1363 2370 fracta
1404 2318 1607 2387 quievit

225 2391 305 2444 Ac
344 2392 544 2451 Brenni
583 2392 780 2463 rabies3
820 2392 1057 2445 confusis
1097 2393 1257 2444 rebus
1296 2396 1522 2461 uterque

226 2465 479 2518 Divinam
518 2467 789 2518 tribuistis
831 2484 1006 2536 opem,
1048 2467 1140 2519 sed
1177 2466 1382 2519 tardior
1418 2466 1511 2518 ille

228 2537 343 2590 Iam
384 2543 569 2608 captae
608 2541 802 2593 vindex
840 2540 1067 2610 patriae,
1106 2543 1168 2592 tu
1208 2540 1428 2608 sospitis
1467 2540 1626 2592 ultor.
1671 2544 1677 2545 ’

229 2611 273 2664 O
316 2617 576 2680 quantum
615 2618 823 2666 mutata
860 2618 955 2666 tuo
995 2615 1213 2666 fortuna
1251 2615 1519 2696 regressu!
1830 2626 1916 2667 435

227 2685 303 2737 Vt
344 2705 457 2738 sese
497 2689 698 2770 pariter
737 2688 949 2740 diffudit
988 2688 1044 2739 in
1084 2687 1262 2739 omnia
1300 2687 1452 2758 regni

228 2758 470 2812 Membra
509 2761 665 2832 vigor
702 2762 962 2829 vivusque
1002 2761 1139 2812 redit
1180 2761 1327 2813 color
1365 2761 1592 2813 urbibus
1632 2760 1828 2832 aegris!

232 2832 477 2886 Creditur
515 2834 794 2888 Herculeis
834 2835 1007 2887 lucem
1046 2852 1329 2887 renovasse
1368 2835 1584 2888 lacertis

228 2906 448 2961 Femina
488 2908 668 2962 dilecti
708 2909 834 2962 fatis
874 2909 1114 2977 impensa
1153 2909 1346 2962 mariti.
