2029 3230
542 88 1012 134 ADNOTATIONES
1047 88 1341 136 CRITICAE.
1618 87 1792 132 XXVII

100 226 185 266 195
223 222 442 266 Claustra
471 221 691 277 remoliri]
727 220 782 264 cf.
819 220 962 263 Statii
991 221 1134 267 Theb.
1161 220 1202 263 X
1228 224 1328 265 527.

96 285 180 325 211
219 280 339 338 Quo]
379 293 472 324 non
511 280 630 336 quod
675 279 935 333 adsumpsi,
986 279 1096 333 quia
1142 279 1261 322 illud
1307 277 1499 335 optimis
1547 278 1789 332 utriusque

215 337 380 383 classis
413 338 561 392 libris,
595 337 637 380 V
669 340 716 380 et
747 336 794 389 C,
827 337 1032 380 fulcitur.

93 402 180 442 238
212 397 476 455 aversaque]
524 397 798 452 adversaque
844 395 899 450 P,
951 395 1077 450 quod
1124 395 1442 438 commendari
1488 393 1641 451 possit
1684 394 1788 437 loco

212 455 427 500 Statiano
467 455 610 498 Theb.
644 453 686 496 V
719 459 827 509 357,
875 467 1013 509 quem
1058 453 1230 497 adtulit
1273 454 1340 496 Bi.
1408 454 1489 496 sed
1535 456 1661 496 recte
1707 452 1789 495 ille

211 528 454 571 aversaque
486 513 659 568 edidit3
691 513 767 556 hic
800 514 923 556 enim
955 511 1292 555 malevolentia
1325 512 1517 555 deorum
1548 511 1597 554 in
1622 511 1788 554 Eutro-

212 576 361 629 pium,
403 572 680 628 magistrum
710 570 936 622 militum,
985 570 1183 626 exprimi
1215 570 1399 624 debuit,
1441 570 1565 625 quod
1598 570 1680 625 qui
1718 569 1788 612 in-

212 631 399 676 tellexit
421 630 733 674 Baehrensius
766 630 910 673 etiam
934 629 982 672 in
1009 628 1150 672 Statii
1175 633 1428 685 cognatum
1453 629 1607 672 locum
1633 643 1787 672 averso

212 689 376 737 inferri
407 689 561 735 iussit.

94 754 180 795 267
213 749 414 806 ineptus]
455 747 521 791 sic
561 746 729 804 optimi
768 746 879 790 libri
911 746 952 790 V
986 747 1034 790 et
1066 745 1120 802 C,
1167 746 1294 801 quod
1340 745 1448 789 ideo
1494 745 1792 788 retinendum

211 807 389 864 putavi.

95 870 178 911 281
213 867 346 925 quin]
380 865 479 909 iure
503 865 574 910 Bi.
606 864 809 908 offensus
839 866 910 908 est
934 863 1145 907 versibus
1172 867 1408 907 281-284
1434 863 1693 917 (Geminam
1722 899 1729 905 .
1752 898 1759 906 .
1781 898 1789 906 .

213 927 373 979 decet),
420 924 593 980 quippe
625 925 705 979 qui
735 923 864 966 nullo
896 922 1083 965 vinculo
1119 922 1423 966 cohaererent
1461 936 1564 964 cum
1606 935 1792 977 praece-

211 983 444 1029 dentibus,
514 996 681 1039 nempe
737 982 947 1025 versibus
988 985 1246 1025 234-281
1303 980 1569 1036 expositum
1615 983 1687 1024 est
1733 980 1791 1022 de

213 1042 441 1098 Eutropio
473 1042 700 1098 magistro
742 1040 966 1094 militum,
1012 1040 1092 1095 qui
1134 1040 1435 1084 barbarorum
1477 1038 1792 1083 devictionem

213 1101 306 1145 sibi
337 1103 559 1156 adrogat3
593 1099 870 1156 proponitur
902 1101 954 1142 ut
985 1099 1140 1154 potius
1175 1098 1390 1154 Cybeben
1427 1111 1567 1153 quam
1592 1097 1793 1140 Martem

216 1161 354 1205 colat.
412 1174 536 1203 nunc
576 1159 734 1202 subito
775 1159 832 1202 de
875 1158 1063 1201 insidiis
1108 1157 1286 1213 agitur,
1336 1157 1504 1212 quibus
1545 1156 1793 1200 Gildonem

217 1218 398 1264 Orienti
430 1217 756 1262 conciliaverit
788 1217 1039 1272 odiumque
1072 1216 1196 1260 inter
1227 1215 1461 1272 principes
1501 1214 1793 1259 excitaverit.

213 1277 604 1333 interrogativum
637 1279 749 1334 quid
781 1276 985 1333 speciem
1016 1289 1128 1332 prae
1163 1289 1211 1318 se
1235 1275 1328 1318 fert
1353 1273 1487 1330 quasi
1510 1274 1627 1318 haec
1653 1273 1790 1317 artis-

216 1337 331 1381 sime
363 1350 540 1381 conexa
573 1336 668 1380 sint
700 1350 804 1379 cum
836 1337 976 1378 antea
1007 1333 1279 1378 memoratis
1321 1336 1368 1377 et
1404 1333 1540 1388 quasi
1579 1347 1701 1376 nunc
1736 1332 1792 1376 de

211 1410 261 1440 re
301 1396 466 1439 eadem
510 1398 679 1451 agatur
718 1395 774 1437 de
815 1408 908 1449 qua
947 1393 996 1436 in
1042 1393 1292 1449 prioribus.
1362 1391 1523 1447 itaque
1571 1390 1794 1446 quoniam

214 1454 362 1512 spurii
406 1468 566 1497 versus
614 1453 691 1497 vix
741 1466 841 1496 esse
884 1455 1082 1508 possunt
1113 1478 1174 1483 —
1205 1451 1309 1506 quis
1351 1450 1475 1493 enim
1516 1450 1704 1494 credat?
1740 1475 1794 1482 —

212 1513 330 1560 mihi
377 1512 589 1569 persuasi
633 1511 802 1555 vitium
849 1511 1002 1555 inesse
1042 1513 1091 1553 in
1129 1510 1232 1566 ipso
1275 1511 1397 1566 quid.
1464 1508 1630 1565 scripsi
1670 1510 1794 1565 quin,

219 1571 344 1628 quod
375 1586 459 1628 pro
491 1573 605 1628 quin
636 1573 773 1615 etiam
803 1570 978 1626 legitur
1009 1569 1139 1613 Eutr.
1166 1569 1208 1612 II
1233 1573 1332 1623 526,
1368 1567 1471 1612 Stil.
1498 1568 1540 1611 11
1565 1572 1650 1612 160

94 1637 182 1677 309
215 1631 449 1689 dominus]
481 1631 657 1675 domini
688 1629 814 1684 quod
844 1628 1041 1685 praebet
1075 1629 1200 1671 solus
1234 1627 1372 1671 testis
1400 1642 1434 1682 ε,
1468 1629 1673 1683 recipere
1702 1639 1797 1669 non

214 1705 354 1734 ausus
387 1705 501 1742 sum,
535 1689 646 1744 quia
679 1689 811 1732 deest
834 1688 886 1743 E,
920 1687 1000 1743 qui
1030 1686 1124 1730 nisi
1157 1686 1404 1741 consentit,
1442 1687 1498 1729 de
1533 1701 1553 1729 ε
1588 1684 1797 1729 dubitari

213 1748 378 1806 possit.
434 1750 645 1793 dominus
678 1748 735 1791 de
766 1746 968 1791 Arcadio
1003 1745 1264 1802 accipiatur
1295 1758 1486 1788 necesse
1521 1747 1613 1800 est,
1659 1758 1798 1799 quem

216 1811 353 1852 caute
385 1806 647 1864 ignominia
676 1806 993 1862 perstringere
1026 1805 1211 1848 videtur
1242 1807 1407 1860 poeta;
1444 1803 1587 1858 idque
1621 1803 1796 1847 adden-

218 1868 330 1911 dum
355 1881 455 1910 esse
479 1868 594 1922 puto
621 1865 680 1908 ad
706 1880 774 1920 ea,
801 1878 920 1920 quae
946 1864 1154 1920 conlegit
1169 1863 1345 1907 Birtius
1370 1862 1420 1905 in
1446 1863 1591 1919 praef.
1618 1877 1662 1918 p.
1683 1861 1797 1906 XLI.

98 1931 183 1971 357
219 1925 452 1983 Iudaicis]
485 1924 606 1968 nihil
637 1926 914 1968 mutandum
948 1926 1039 1976 est3
1081 1923 1138 1967 cf.
1170 1921 1372 1965 Bittium
1412 1922 1461 1965 in
1498 1921 1614 1966 Mus,
1648 1921 1796 1964 Rhen.

218 1987 330 2029 tom.
356 1983 481 2027 XLV
512 1999 555 2040 p.
584 1987 685 2028 491.

99 2049 184 2090 367
224 2045 354 2101 Quod
395 2044 500 2087 libet
538 2042 741 2099 inqem'o]
789 2040 947 2084 versui
995 2039 1147 2083 lucem
1194 2039 1382 2083 addidit
1427 2038 1605 2082 Birtius
1649 2036 1800 2081 ‘Zwei

217 2102 468 2159 politische
503 2100 704 2144 Satiren'
741 2116 784 2156 p.
810 2104 866 2142 45
894 2099 1000 2143 adn.
1057 2112 1336 2153 sensumque
1369 2111 1507 2152 quem
1537 2096 1800 2153 postulavit

218 2175 407 2218 prorsus
439 2160 608 2216 probo3
640 2162 800 2203 tamen
833 2173 920 2214 ego
952 2157 1001 2200 in
1026 2157 1309 2213 optimorum
1335 2156 1560 2199 librorum
1584 2154 1796 2199 lectioni-

221 2221 309 2264 bus
341 2219 563 2262 insistens
597 2232 782 2262 sensum
814 2231 908 2261 non
940 2216 1122 2260 mutavi
1155 2216 1266 2259 dum
1306 2215 1476 2259 scribo:
1523 2214 1656 2271 Quod
1695 2215 1802 2258 libet

217 2281 415 2338 inqenio,
440 2280 612 2336 subiyit
637 2313 645 2322 .
668 2313 676 2321 .
696 2315 704 2323 .
754 2277 810 2320 de
835 2278 1018 2334 inyenio
1040 2275 1200 2319 confer
1217 2274 1336 2317 illud
1355 2275 1590 2332 inyem‘um
1618 2274 1801 2318 Veneris

221 2338 303 2383 lib.
330 2338 371 2380 II
401 2338 465 2393 pf.
493 2341 562 2381 60.
613 2337 800 2380 dativus
842 2338 1000 2378 autem
1041 2334 1120 2389 qui
1161 2333 1365 2389 exigitur
1406 2346 1458 2376 ex
1500 2331 1802 2376 antecedenti

217 2399 509 2455 poscentibus
539 2395 679 2440 facile
714 2395 1000 2451 supplendus
1034 2398 1118 2437 est.

103 2461 189 2502 392
222 2471 317 2501 ‘non
349 2455 621 2514 lonqinqua]
653 2453 1031 2510 coniungendum
1070 2466 1170 2495 esse
1211 2453 1369 2494 monet
1403 2448 1704 2503 Skutschius3
1733 2448 1802 2494 cf.

223 2515 427 2559 Birtium
459 2514 520 2557 ad
550 2514 717 2557 locum.

103 2578 190 2618 412
224 2574 401 2632 repens]
437 2572 604 2629 optimi
636 2575 732 2616 tres
755 2586 864 2616 mss,
891 2569 1038 2624 EVC,
1072 2583 1186 2625 quos
1220 2583 1301 2611 cur
1331 2567 1648 2623 relinquamus
1671 2566 1805 2609 nulla

226 2647 369 2676 causa
393 2636 486 2685 est3
520 2633 586 2675 sic
610 2645 768 2688 repens
791 2631 941 2675 clades
965 2628 1154 2684 scripsit
1177 2628 1333 2671 Livius
1358 2627 1488 2670 XXII
1513 2632 1550 2682 7,
1577 2631 1605 2669 4
1630 2629 1677 2670 et
1701 2630 1742 2680 8,
1763 2630 1803 2670 1.

228 2691 355 2748 apud
387 2690 700 2734 Claudianum
729 2703 889 2746 repens
922 2686 1148 2732 adiectivi
1179 2685 1282 2729 vice
1313 2686 1548 2741 fungitur,
1589 2684 1716 2740 quod
1749 2697 1805 2727 ex

227 2750 397 2807 copula
429 2749 645 2804 sequenti
666 2752 936 2805 terrorisque
961 2747 1127 2790 elucet.
1182 2745 1343 2801 itaque
1370 2742 1805 2788 Weissenbornium

227 2809 397 2866 probo,
442 2807 525 2864 qui
555 2808 700 2852 etiam
733 2807 855 2863 apud
890 2805 1072 2849 Livium
1103 2819 1260 2861 repens
1299 2818 1381 2861 pro
1415 2803 1673 2858 adiectivo,
1710 2815 1805 2845 non

227 2882 313 2924 pro
347 2866 568 2911 adverbio
603 2867 798 2923 accepit.
