<?xml version="1.0" encoding="UTF-8"?>
<!DOCTYPE html PUBLIC "-//W3C//DTD XHTML 1.0 Transitional//EN"
    "http://www.w3.org/TR/xhtml1/DTD/xhtml1-transitional.dtd">
<html xmlns="http://www.w3.org/1999/xhtml" xml:lang="en" lang="en">
 <head>
  <title>
</title>
<meta http-equiv="Content-Type" content="text/html;charset=utf-8" />
  <meta name='ocr-system' content='tesseract 3.04.00' />
  <meta name='ocr-capabilities' content='ocr_page ocr_carea ocr_par ocr_line ocrx_word'/>
</head>
<body>
  <div class='ocr_page' id='page_1' title='image "./carmina00clauuoft_0302.png"; bbox 0 0 2044 3220; ppageno 0'>
   <div class='ocr_carea' id='block_1_1' title="bbox 184 50 1346 103">
    <p class='ocr_par' dir='ltr' id='par_1_1' title="bbox 184 50 1346 103">
     <span class='ocr_line' id='line_1_1' title="bbox 184 50 1346 103; baseline -0.007 0"><span class='ocrx_word' id='word_1_1' title='bbox 184 53 213 103; x_wconf 73' lang='lat'>2</span> <span class='ocrx_word' id='word_1_2' title='bbox 223 52 295 103; x_wconf 83' lang='grc'>34</span> <span class='ocrx_word' id='word_1_3' title='bbox 740 50 981 95; x_wconf 87' lang='lat' dir='ltr'>CLAVDH</span> <span class='ocrx_word' id='word_1_4' title='bbox 1014 51 1084 96; x_wconf 88' lang='lat' dir='ltr'>CL</span> <span class='ocrx_word' id='word_1_5' title='bbox 1092 53 1346 97; x_wconf 83' lang='lat' dir='ltr'><strong>AVDIANI</strong></span> 
     </span>
    </p>
   </div>
   <div class='ocr_carea' id='block_1_2' title="bbox 181 186 1876 774">
    <p class='ocr_par' dir='ltr' id='par_1_2' title="bbox 185 186 1598 330">
     <span class='ocr_line' id='line_1_2' title="bbox 185 186 1598 258; baseline 0.001 -19"><span class='ocrx_word' id='word_1_6' title='bbox 185 186 288 239; x_wconf 82' lang='lat' dir='ltr'>Sed</span> <span class='ocrx_word' id='word_1_7' title='bbox 328 186 570 255; x_wconf 87' lang='lat' dir='ltr'>quamvis</span> <span class='ocrx_word' id='word_1_8' title='bbox 607 186 862 238; x_wconf 82' lang='lat' dir='ltr'>Lachesis</span> <span class='ocrx_word' id='word_1_9' title='bbox 901 187 1051 239; x_wconf 89' lang='lat' dir='ltr'>letali</span> <span class='ocrx_word' id='word_1_10' title='bbox 1091 188 1321 240; x_wconf 90' lang='lat' dir='ltr'>stamine</span> <span class='ocrx_word' id='word_1_11' title='bbox 1363 187 1598 258; x_wconf 81' lang='lat' dir='ltr'>damnet,</span> 
     </span>
     <span class='ocr_line' id='line_1_3' title="bbox 257 259 1332 330; baseline 0.002 -19"><span class='ocrx_word' id='word_1_12' title='bbox 257 259 322 312; x_wconf 90' lang='grc'>111</span> <span class='ocrx_word' id='word_1_13' title='bbox 359 264 413 311; x_wconf 92' lang='lat' dir='ltr'>te</span> <span class='ocrx_word' id='word_1_14' title='bbox 452 261 565 311; x_wconf 83' lang='lat' dir='ltr'>fata</span> <span class='ocrx_word' id='word_1_15' title='bbox 606 260 710 311; x_wconf 92' lang='lat' dir='ltr'>sibi</span> <span class='ocrx_word' id='word_1_16' title='bbox 747 261 1087 329; x_wconf 82' lang='lat' dir='ltr'>prosperiora</span> <span class='ocrx_word' id='word_1_17' title='bbox 1127 265 1332 330; x_wconf 92' lang='lat' dir='ltr'>petunt.</span> 
     </span>
    </p>

    <p class='ocr_par' dir='ltr' id='par_1_3' title="bbox 185 334 1875 478">
     <span class='ocr_line' id='line_1_4' title="bbox 185 334 1875 395; baseline 0.003 -10"><span class='ocrx_word' id='word_1_18' title='bbox 185 334 386 395; x_wconf 83' lang='lat' dir='ltr'>Quodsi</span> <span class='ocrx_word' id='word_1_19' title='bbox 425 334 565 386; x_wconf 86' lang='lat' dir='ltr'>forte</span> <span class='ocrx_word' id='word_1_20' title='bbox 604 334 778 385; x_wconf 94' lang='lat' dir='ltr'>malus</span> <span class='ocrx_word' id='word_1_21' title='bbox 818 335 1072 387; x_wconf 91' lang='lat' dir='ltr'>membris</span> <span class='ocrx_word' id='word_1_22' title='bbox 1113 335 1368 387; x_wconf 80' lang='lat' dir='ltr'>exuberat</span> <span class='ocrx_word' id='word_1_23' title='bbox 1408 353 1564 387; x_wconf 89' lang='lat' dir='ltr'>umor</span> <span class='ocrx_word' id='word_1_24' title='bbox 1820 351 1875 390; x_wconf 84' lang='lat'>95</span> 
     </span>
     <span class='ocr_line' id='line_1_5' title="bbox 255 407 1526 478; baseline 0.002 -20"><span class='ocrx_word' id='word_1_25' title='bbox 255 407 535 477; x_wconf 83' lang='lat' dir='ltr'>Languida</span> <span class='ocrx_word' id='word_1_26' title='bbox 573 408 659 459; x_wconf 87' lang='lat' dir='ltr'>vel</span> <span class='ocrx_word' id='word_1_27' title='bbox 695 408 863 460; x_wconf 91' lang='lat' dir='ltr'>nimio</span> <span class='ocrx_word' id='word_1_28' title='bbox 902 409 1106 461; x_wconf 85' lang='lat' dir='ltr'>viscera</span> <span class='ocrx_word' id='word_1_29' title='bbox 1145 409 1270 461; x_wconf 87' lang='lat' dir='ltr'>felle</span> <span class='ocrx_word' id='word_1_30' title='bbox 1309 408 1526 478; x_wconf 80' lang='lat' dir='ltr'>rubent,</span> 
     </span>
    </p>

    <p class='ocr_par' dir='ltr' id='par_1_4' title="bbox 181 479 1670 626">
     <span class='ocr_line' id='line_1_6' title="bbox 181 479 1670 535; baseline 0.002 -3"><span class='ocrx_word' id='word_1_31' title='bbox 181 479 310 532; x_wconf 87' lang='lat' dir='ltr'>Non</span> <span class='ocrx_word' id='word_1_32' title='bbox 347 499 509 532; x_wconf 85' lang='lat' dir='ltr'>venas</span> <span class='ocrx_word' id='word_1_33' title='bbox 548 485 788 533; x_wconf 89' lang='lat' dir='ltr'>reserant</span> <span class='ocrx_word' id='word_1_34' title='bbox 825 500 923 534; x_wconf 92' lang='lat' dir='ltr'>nec</span> <span class='ocrx_word' id='word_1_35' title='bbox 961 483 1179 535; x_wconf 87' lang='lat' dir='ltr'>vulnere</span> <span class='ocrx_word' id='word_1_36' title='bbox 1218 482 1439 534; x_wconf 71' lang='lat' dir='ltr'>Vulnera</span> <span class='ocrx_word' id='word_1_37' title='bbox 1480 486 1670 535; x_wconf 89' lang='lat' dir='ltr'>sanant</span> 
     </span>
     <span class='ocr_line' id='line_1_7' title="bbox 255 554 1524 626; baseline 0.001 -20"><span class='ocrx_word' id='word_1_38' title='bbox 255 554 458 606; x_wconf 88' lang='lat' dir='ltr'>Pocula</span> <span class='ocrx_word' id='word_1_39' title='bbox 495 573 594 607; x_wconf 92' lang='lat' dir='ltr'>nec</span> <span class='ocrx_word' id='word_1_40' title='bbox 633 555 779 607; x_wconf 88' lang='lat' dir='ltr'>tristi</span> <span class='ocrx_word' id='word_1_41' title='bbox 819 557 1060 626; x_wconf 87' lang='lat' dir='ltr'>gramine</span> <span class='ocrx_word' id='word_1_42' title='bbox 1099 557 1268 608; x_wconf 82' lang='lat' dir='ltr'>mixta</span> <span class='ocrx_word' id='word_1_43' title='bbox 1307 556 1524 608; x_wconf 82' lang='lat' dir='ltr'>bibunt:</span> 
     </span>
    </p>

    <p class='ocr_par' dir='ltr' id='par_1_5' title="bbox 181 628 1876 774">
     <span class='ocr_line' id='line_1_8' title="bbox 181 628 1581 700; baseline 0.001 -21"><span class='ocrx_word' id='word_1_44' title='bbox 181 628 459 680; x_wconf 86' lang='lat' dir='ltr'>Amissum</span> <span class='ocrx_word' id='word_1_45' title='bbox 497 629 732 697; x_wconf 81' lang='lat' dir='ltr'>lymphis</span> <span class='ocrx_word' id='word_1_46' title='bbox 773 634 1022 698; x_wconf 88' lang='lat' dir='ltr'>reparant</span> <span class='ocrx_word' id='word_1_47' title='bbox 1061 630 1278 699; x_wconf 90' lang='lat' dir='ltr'>impune</span> <span class='ocrx_word' id='word_1_48' title='bbox 1317 630 1581 700; x_wconf 74' lang='lat' dir='ltr'>vigorem,</span> 
     </span>
     <span class='ocr_line' id='line_1_9' title="bbox 255 701 1876 774; baseline 0.002 -20"><span class='ocrx_word' id='word_1_49' title='bbox 255 701 590 771; x_wconf 85' lang='lat' dir='ltr'>Pacaturque</span> <span class='ocrx_word' id='word_1_50' title='bbox 631 721 791 774; x_wconf 90' lang='lat' dir='ltr'>aegro</span> <span class='ocrx_word' id='word_1_51' title='bbox 832 704 1137 756; x_wconf 75' lang='lat' dir='ltr'>luxuriante</span> <span class='ocrx_word' id='word_1_52' title='bbox 1179 704 1345 755; x_wconf 89' lang='lat' dir='ltr'>dolor.</span> <span class='ocrx_word' id='word_1_53' title='bbox 1792 718 1876 758; x_wconf 89' lang='grc'>100</span> 
     </span>
    </p>
   </div>
   <div class='ocr_carea' id='block_1_3' title="bbox 818 863 1247 1021">
    <p class='ocr_par' dir='ltr' id='par_1_6' title="bbox 818 863 1247 1021">
     <span class='ocr_line' id='line_1_10' title="bbox 818 863 1247 920; baseline 0.005 -14"><span class='ocrx_word' id='word_1_54' title='bbox 818 863 1006 907; x_wconf 85' lang='lat' dir='ltr'>XXVII.</span> <span class='ocrx_word' id='word_1_55' title='bbox 1042 863 1247 920; x_wconf 84' lang='lat' dir='ltr'>(XLIV.)</span> 
     </span>
     <span class='ocr_line' id='line_1_11' title="bbox 873 971 1186 1021; baseline 0.006 -2"><span class='ocrx_word' id='word_1_56' title='bbox 873 973 963 1019; x_wconf 90' lang='lat' dir='ltr'>PH</span> <span class='ocrx_word' id='word_1_57' title='bbox 966 971 1186 1021; x_wconf 75' lang='lat' dir='ltr'>OENJX.</span> 
     </span>
    </p>
   </div>
   <div class='ocr_carea' id='block_1_4' title="bbox 176 1068 1893 2895">
    <p class='ocr_par' dir='ltr' id='par_1_7' title="bbox 176 1068 1877 2689">
     <span class='ocr_line' id='line_1_12' title="bbox 295 1068 1587 1155; baseline 0.002 -34"><span class='ocrx_word' id='word_1_58' title='bbox 295 1068 492 1122; x_wconf 81' lang='lat' dir='ltr'>Oceani</span> <span class='ocrx_word' id='word_1_59' title='bbox 533 1088 740 1122; x_wconf 89' lang='lat' dir='ltr'>summo</span> <span class='ocrx_word' id='word_1_60' title='bbox 784 1070 1125 1123; x_wconf 87' lang='lat' dir='ltr'>circumfluus</span> <span class='ocrx_word' id='word_1_61' title='bbox 1166 1090 1395 1155; x_wconf 76' lang='lat' dir='ltr'>aequore</span> <span class='ocrx_word' id='word_1_62' title='bbox 1434 1073 1587 1124; x_wconf 90' lang='lat' dir='ltr'>lucus</span> 
     </span>
     <span class='ocr_line' id='line_1_13' title="bbox 181 1142 1728 1227; baseline 0.003 -33"><span class='ocrx_word' id='word_1_63' title='bbox 181 1143 351 1195; x_wconf 89' lang='lat' dir='ltr'>Trans</span> <span class='ocrx_word' id='word_1_64' title='bbox 389 1142 552 1195; x_wconf 87' lang='lat' dir='ltr'>Indos</span> <span class='ocrx_word' id='word_1_65' title='bbox 592 1144 906 1227; x_wconf 81' lang='lat' dir='ltr'>Eurumque</span> <span class='ocrx_word' id='word_1_66' title='bbox 945 1144 1104 1214; x_wconf 83' lang='lat' dir='ltr'>viret7</span> <span class='ocrx_word' id='word_1_67' title='bbox 1146 1146 1238 1213; x_wconf 89' lang='lat' dir='ltr'>qui</span> <span class='ocrx_word' id='word_1_68' title='bbox 1275 1146 1480 1213; x_wconf 90' lang='lat' dir='ltr'>primus</span> <span class='ocrx_word' id='word_1_69' title='bbox 1512 1146 1728 1198; x_wconf 84' lang='lat' dir='ltr'>anhelis</span> 
     </span>
     <span class='ocr_line' id='line_1_14' title="bbox 182 1216 1521 1288; baseline 0.002 -20"><span class='ocrx_word' id='word_1_70' title='bbox 182 1216 518 1269; x_wconf 70' lang='lat' dir='ltr'>Sollicitatur</span> <span class='ocrx_word' id='word_1_71' title='bbox 559 1218 709 1286; x_wconf 91' lang='lat' dir='ltr'>equis</span> <span class='ocrx_word' id='word_1_72' title='bbox 749 1218 1030 1286; x_wconf 81' lang='lat' dir='ltr'>vicinaque</span> <span class='ocrx_word' id='word_1_73' title='bbox 1070 1219 1292 1270; x_wconf 87' lang='lat' dir='ltr'>verbera</span> <span class='ocrx_word' id='word_1_74' title='bbox 1333 1220 1521 1288; x_wconf 89' lang='lat' dir='ltr'>sentit7</span> 
     </span>
     <span class='ocr_line' id='line_1_15' title="bbox 179 1290 1521 1362; baseline 0.002 -20"><span class='ocrx_word' id='word_1_75' title='bbox 179 1290 374 1342; x_wconf 90' lang='lat' dir='ltr'>Vmida</span> <span class='ocrx_word' id='word_1_76' title='bbox 412 1292 620 1343; x_wconf 87' lang='lat' dir='ltr'>roranti</span> <span class='ocrx_word' id='word_1_77' title='bbox 658 1296 912 1343; x_wconf 77' lang='lat' dir='ltr'>resonant</span> <span class='ocrx_word' id='word_1_78' title='bbox 954 1311 1074 1344; x_wconf 90' lang='lat' dir='ltr'>cum</span> <span class='ocrx_word' id='word_1_79' title='bbox 1113 1293 1300 1344; x_wconf 89' lang='lat' dir='ltr'>limina</span> <span class='ocrx_word' id='word_1_80' title='bbox 1340 1312 1521 1362; x_wconf 78' lang='lat' dir='ltr'>curru,</span> 
     </span>
     <span class='ocr_line' id='line_1_16' title="bbox 178 1364 1876 1437; baseline 0.002 -21"><span class='ocrx_word' id='word_1_81' title='bbox 178 1364 332 1416; x_wconf 89' lang='lat' dir='ltr'>Vnde</span> <span class='ocrx_word' id='word_1_82' title='bbox 372 1365 530 1417; x_wconf 87' lang='lat' dir='ltr'>rubet</span> <span class='ocrx_word' id='word_1_83' title='bbox 569 1370 795 1417; x_wconf 85' lang='lat' dir='ltr'>ventura</span> <span class='ocrx_word' id='word_1_84' title='bbox 836 1366 947 1417; x_wconf 88' lang='lat' dir='ltr'>dies</span> <span class='ocrx_word' id='word_1_85' title='bbox 987 1367 1253 1437; x_wconf 85' lang='lat' dir='ltr'>longeque</span> <span class='ocrx_word' id='word_1_86' title='bbox 1295 1367 1529 1419; x_wconf 86' lang='lat' dir='ltr'>coruscis</span> <span class='ocrx_word' id='word_1_87' title='bbox 1851 1383 1876 1420; x_wconf 86' lang='lat'>5</span> 
     </span>
     <span class='ocr_line' id='line_1_17' title="bbox 177 1437 1490 1510; baseline 0.002 -20"><span class='ocrx_word' id='word_1_88' title='bbox 177 1437 304 1490; x_wconf 82' lang='lat' dir='ltr'>Nox</span> <span class='ocrx_word' id='word_1_89' title='bbox 343 1439 540 1490; x_wconf 86' lang='lat' dir='ltr'>adflata</span> <span class='ocrx_word' id='word_1_90' title='bbox 578 1439 713 1491; x_wconf 81' lang='lat' dir='ltr'>rotis</span> <span class='ocrx_word' id='word_1_91' title='bbox 754 1440 943 1510; x_wconf 77' lang='lat' dir='ltr'>refugo</span> <span class='ocrx_word' id='word_1_92' title='bbox 983 1440 1230 1508; x_wconf 88' lang='lat' dir='ltr'>pallescit</span> <span class='ocrx_word' id='word_1_93' title='bbox 1270 1441 1490 1493; x_wconf 89' lang='lat' dir='ltr'>amictu:</span> 
     </span>
     <span class='ocr_line' id='line_1_18' title="bbox 178 1511 1377 1566; baseline 0.003 -3"><span class='ocrx_word' id='word_1_94' title='bbox 178 1511 326 1564; x_wconf 88' lang='lat' dir='ltr'>Haec</span> <span class='ocrx_word' id='word_1_95' title='bbox 365 1513 674 1565; x_wconf 86' lang='lat' dir='ltr'>fortunatus</span> <span class='ocrx_word' id='word_1_96' title='bbox 713 1513 941 1565; x_wconf 89' lang='lat' dir='ltr'>mmium</span> <span class='ocrx_word' id='word_1_97' title='bbox 980 1514 1226 1566; x_wconf 87' lang='lat' dir='ltr'>Titanius</span> <span class='ocrx_word' id='word_1_98' title='bbox 1267 1515 1377 1566; x_wconf 89' lang='lat' dir='ltr'>ales</span> 
     </span>
     <span class='ocr_line' id='line_1_19' title="bbox 178 1585 1542 1669; baseline 0.002 -32"><span class='ocrx_word' id='word_1_99' title='bbox 178 1585 367 1656; x_wconf 87' lang='lat' dir='ltr'>Regna</span> <span class='ocrx_word' id='word_1_100' title='bbox 407 1587 536 1638; x_wconf 91' lang='lat' dir='ltr'>colit</span> <span class='ocrx_word' id='word_1_101' title='bbox 577 1588 830 1654; x_wconf 87' lang='lat' dir='ltr'>solusque</span> <span class='ocrx_word' id='word_1_102' title='bbox 869 1588 1031 1669; x_wconf 86' lang='lat' dir='ltr'>plaga</span> <span class='ocrx_word' id='word_1_103' title='bbox 1071 1589 1319 1640; x_wconf 85' lang='lat' dir='ltr'>defensus</span> <span class='ocrx_word' id='word_1_104' title='bbox 1357 1588 1542 1656; x_wconf 89' lang='lat' dir='ltr'>iniqua</span> 
     </span>
     <span class='ocr_line' id='line_1_20' title="bbox 178 1658 1437 1731; baseline 0.002 -21"><span class='ocrx_word' id='word_1_105' title='bbox 178 1658 426 1712; x_wconf 87' lang='lat' dir='ltr'>Possidet</span> <span class='ocrx_word' id='word_1_106' title='bbox 465 1660 696 1712; x_wconf 91' lang='lat' dir='ltr'>intactas</span> <span class='ocrx_word' id='word_1_107' title='bbox 737 1661 911 1731; x_wconf 82' lang='lat' dir='ltr'>aegris</span> <span class='ocrx_word' id='word_1_108' title='bbox 952 1661 1274 1713; x_wconf 85' lang='lat' dir='ltr'>animalibus</span> <span class='ocrx_word' id='word_1_109' title='bbox 1317 1680 1437 1713; x_wconf 87' lang='lat' dir='ltr'>oras</span> 
     </span>
     <span class='ocr_line' id='line_1_21' title="bbox 180 1731 1877 1817; baseline 0.002 -32"><span class='ocrx_word' id='word_1_110' title='bbox 180 1731 350 1786; x_wconf 84' lang='lat' dir='ltr'>Saeva</span> <span class='ocrx_word' id='word_1_111' title='bbox 387 1752 485 1785; x_wconf 89' lang='lat' dir='ltr'>nec</span> <span class='ocrx_word' id='word_1_112' title='bbox 523 1734 745 1786; x_wconf 88' lang='lat' dir='ltr'>humani</span> <span class='ocrx_word' id='word_1_113' title='bbox 784 1735 990 1802; x_wconf 89' lang='lat' dir='ltr'>patitur</span> <span class='ocrx_word' id='word_1_114' title='bbox 1030 1736 1279 1817; x_wconf 83' lang='lat' dir='ltr'>contagia</span> <span class='ocrx_word' id='word_1_115' title='bbox 1318 1735 1517 1788; x_wconf 90' lang='lat' dir='ltr'>mundi.</span> <span class='ocrx_word' id='word_1_116' title='bbox 1825 1751 1877 1790; x_wconf 85' lang='lat'>10</span> 
     </span>
     <span class='ocr_line' id='line_1_22' title="bbox 178 1806 1653 1877; baseline 0.002 -19"><span class='ocrx_word' id='word_1_117' title='bbox 178 1806 286 1858; x_wconf 90' lang='lat' dir='ltr'>Par</span> <span class='ocrx_word' id='word_1_118' title='bbox 322 1807 540 1859; x_wconf 84' lang='lat' dir='ltr'>volucer</span> <span class='ocrx_word' id='word_1_119' title='bbox 581 1827 786 1876; x_wconf 82' lang='lat' dir='ltr'>superis</span> <span class='ocrx_word' id='word_1_120' title='bbox 797 1852 810 1877; x_wconf 95' lang='lat'><em>7</em></span> <span class='ocrx_word' id='word_1_121' title='bbox 852 1810 1035 1860; x_wconf 91' lang='lat' dir='ltr'>stellas</span> <span class='ocrx_word' id='word_1_122' title='bbox 1077 1828 1168 1876; x_wconf 80' lang='lat' dir='ltr'>qui</span> <span class='ocrx_word' id='word_1_123' title='bbox 1207 1809 1417 1861; x_wconf 81' lang='lat' dir='ltr'>vividus</span> <span class='ocrx_word' id='word_1_124' title='bbox 1459 1813 1653 1877; x_wconf 90' lang='lat' dir='ltr'>aequat</span> 
     </span>
     <span class='ocr_line' id='line_1_23' title="bbox 178 1880 1642 1952; baseline 0.002 -20"><span class='ocrx_word' id='word_1_125' title='bbox 178 1880 434 1932; x_wconf 89' lang='lat' dir='ltr'>Durando</span> <span class='ocrx_word' id='word_1_126' title='bbox 475 1882 836 1949; x_wconf 84' lang='lat' dir='ltr'>membrisque</span> <span class='ocrx_word' id='word_1_127' title='bbox 875 1882 1002 1934; x_wconf 90' lang='lat' dir='ltr'>terit</span> <span class='ocrx_word' id='word_1_128' title='bbox 1041 1883 1388 1934; x_wconf 83' lang='lat' dir='ltr'>redeuntibus</span> <span class='ocrx_word' id='word_1_129' title='bbox 1430 1901 1642 1952; x_wconf 83' lang='lat' dir='ltr'>aevum,</span> 
     </span>
     <span class='ocr_line' id='line_1_24' title="bbox 178 1953 1654 2025; baseline 0.001 -19"><span class='ocrx_word' id='word_1_130' title='bbox 178 1953 307 2007; x_wconf 87' lang='lat' dir='ltr'>Non</span> <span class='ocrx_word' id='word_1_131' title='bbox 346 1955 518 2023; x_wconf 89' lang='lat' dir='ltr'>epulis</span> <span class='ocrx_word' id='word_1_132' title='bbox 560 1959 799 2007; x_wconf 88' lang='lat' dir='ltr'>saturare</span> <span class='ocrx_word' id='word_1_133' title='bbox 839 1956 1057 2025; x_wconf 83' lang='lat' dir='ltr'>famem7</span> <span class='ocrx_word' id='word_1_134' title='bbox 1095 1975 1206 2008; x_wconf 91' lang='lat' dir='ltr'>non</span> <span class='ocrx_word' id='word_1_135' title='bbox 1244 1957 1488 2008; x_wconf 85' lang='lat' dir='ltr'>fontibus</span> <span class='ocrx_word' id='word_1_136' title='bbox 1527 1957 1654 2009; x_wconf 86' lang='lat' dir='ltr'>ullis</span> 
     </span>
     <span class='ocr_line' id='line_1_25' title="bbox 177 2026 1535 2099; baseline 0.002 -20"><span class='ocrx_word' id='word_1_137' title='bbox 177 2026 451 2080; x_wconf 89' lang='lat' dir='ltr'>Adsuetus</span> <span class='ocrx_word' id='word_1_138' title='bbox 490 2029 774 2097; x_wconf 89' lang='lat' dir='ltr'>prohibere</span> <span class='ocrx_word' id='word_1_139' title='bbox 816 2029 982 2099; x_wconf 83' lang='lat' dir='ltr'>sitim3</span> <span class='ocrx_word' id='word_1_140' title='bbox 1025 2030 1116 2081; x_wconf 86' lang='lat' dir='ltr'>sed</span> <span class='ocrx_word' id='word_1_141' title='bbox 1153 2031 1340 2098; x_wconf 75' lang='lat' dir='ltr'>purior</span> <span class='ocrx_word' id='word_1_142' title='bbox 1378 2031 1535 2082; x_wconf 80' lang='lat' dir='ltr'>illum</span> 
     </span>
     <span class='ocr_line' id='line_1_26' title="bbox 179 2100 1875 2173; baseline 0.003 -20"><span class='ocrx_word' id='word_1_143' title='bbox 179 2100 322 2154; x_wconf 81' lang='lat' dir='ltr'>Solis</span> <span class='ocrx_word' id='word_1_144' title='bbox 361 2103 541 2155; x_wconf 85' lang='lat' dir='ltr'>fervor</span> <span class='ocrx_word' id='word_1_145' title='bbox 581 2103 677 2154; x_wconf 90' lang='lat' dir='ltr'>alit</span> <span class='ocrx_word' id='word_1_146' title='bbox 715 2107 1046 2172; x_wconf 85' lang='lat' dir='ltr'>ventosaque</span> <span class='ocrx_word' id='word_1_147' title='bbox 1084 2105 1284 2172; x_wconf 87' lang='lat' dir='ltr'>pabula</span> <span class='ocrx_word' id='word_1_148' title='bbox 1323 2107 1530 2173; x_wconf 88' lang='lat' dir='ltr'>potat</span> <span class='ocrx_word' id='word_1_149' title='bbox 1823 2120 1875 2158; x_wconf 87' lang='lat'>15</span> 
     </span>
     <span class='ocr_line' id='line_1_27' title="bbox 179 2175 1524 2247; baseline 0.002 -20"><span class='ocrx_word' id='word_1_150' title='bbox 179 2175 441 2246; x_wconf 83' lang='lat' dir='ltr'>Tethyos7</span> <span class='ocrx_word' id='word_1_151' title='bbox 480 2177 698 2229; x_wconf 84' lang='lat' dir='ltr'>innocui</span> <span class='ocrx_word' id='word_1_152' title='bbox 740 2195 961 2245; x_wconf 87' lang='lat' dir='ltr'>carpens</span> <span class='ocrx_word' id='word_1_153' title='bbox 1003 2177 1257 2229; x_wconf 88' lang='lat' dir='ltr'>alimenta</span> <span class='ocrx_word' id='word_1_154' title='bbox 1295 2179 1524 2247; x_wconf 82' lang='lat' dir='ltr'>vaporis,</span> 
     </span>
     <span class='ocr_line' id='line_1_28' title="bbox 177 2249 1485 2322; baseline 0.002 -21"><span class='ocrx_word' id='word_1_155' title='bbox 177 2249 451 2302; x_wconf 86' lang='lat' dir='ltr'>Arcanum</span> <span class='ocrx_word' id='word_1_156' title='bbox 489 2251 700 2302; x_wconf 76' lang='lat' dir='ltr'>radiant</span> <span class='ocrx_word' id='word_1_157' title='bbox 742 2251 883 2303; x_wconf 89' lang='lat' dir='ltr'>oculi</span> <span class='ocrx_word' id='word_1_158' title='bbox 921 2252 1090 2304; x_wconf 90' lang='lat' dir='ltr'>iubar.</span> <span class='ocrx_word' id='word_1_159' title='bbox 1152 2251 1350 2322; x_wconf 90' lang='lat' dir='ltr'>Igneus</span> <span class='ocrx_word' id='word_1_160' title='bbox 1392 2271 1485 2304; x_wconf 89' lang='lat' dir='ltr'>ora</span> 
     </span>
     <span class='ocr_line' id='line_1_29' title="bbox 182 2322 1595 2396; baseline 0.002 -21"><span class='ocrx_word' id='word_1_161' title='bbox 182 2322 363 2394; x_wconf 85' lang='lat' dir='ltr'>Cingit</span> <span class='ocrx_word' id='word_1_162' title='bbox 401 2324 589 2377; x_wconf 78' lang='lat' dir='ltr'>honos,</span> <span class='ocrx_word' id='word_1_163' title='bbox 652 2325 839 2377; x_wconf 86' lang='lat' dir='ltr'>Rutilo</span> <span class='ocrx_word' id='word_1_164' title='bbox 882 2329 1171 2396; x_wconf 86' lang='lat' dir='ltr'>cognatum</span> <span class='ocrx_word' id='word_1_165' title='bbox 1210 2326 1407 2378; x_wconf 82' lang='lat' dir='ltr'>vertice</span> <span class='ocrx_word' id='word_1_166' title='bbox 1449 2326 1595 2378; x_wconf 86' lang='lat' dir='ltr'>sidus</span> 
     </span>
     <span class='ocr_line' id='line_1_30' title="bbox 177 2396 1487 2467; baseline 0.003 -19"><span class='ocrx_word' id='word_1_167' title='bbox 177 2396 402 2449; x_wconf 88' lang='lat' dir='ltr'>Attollit</span> <span class='ocrx_word' id='word_1_168' title='bbox 442 2399 694 2450; x_wconf 88' lang='lat' dir='ltr'>cristatus</span> <span class='ocrx_word' id='word_1_169' title='bbox 735 2417 870 2467; x_wconf 82' lang='lat' dir='ltr'>apex</span> <span class='ocrx_word' id='word_1_170' title='bbox 908 2400 1263 2467; x_wconf 89' lang='lat' dir='ltr'>tenebrasque</span> <span class='ocrx_word' id='word_1_171' title='bbox 1303 2419 1487 2452; x_wconf 89' lang='lat' dir='ltr'>serena</span> 
     </span>
     <span class='ocr_line' id='line_1_31' title="bbox 177 2470 1872 2555; baseline 0.003 -33"><span class='ocrx_word' id='word_1_172' title='bbox 177 2470 319 2522; x_wconf 88' lang='lat' dir='ltr'>Luce</span> <span class='ocrx_word' id='word_1_173' title='bbox 361 2476 517 2524; x_wconf 90' lang='lat' dir='ltr'>secat.</span> <span class='ocrx_word' id='word_1_174' title='bbox 581 2472 744 2540; x_wconf 82' lang='lat' dir='ltr'>Tyrio</span> <span class='ocrx_word' id='word_1_175' title='bbox 783 2473 1083 2555; x_wconf 87' lang='lat' dir='ltr'>pinguntur</span> <span class='ocrx_word' id='word_1_176' title='bbox 1124 2492 1277 2525; x_wconf 89' lang='lat' dir='ltr'>crura</span> <span class='ocrx_word' id='word_1_177' title='bbox 1315 2492 1533 2526; x_wconf 85' lang='lat' dir='ltr'>veneno.</span> <span class='ocrx_word' id='word_1_178' title='bbox 1817 2490 1872 2528; x_wconf 81' lang='lat'>20</span> 
     </span>
     <span class='ocr_line' id='line_1_32' title="bbox 178 2543 1750 2617; baseline 0.002 -21"><span class='ocrx_word' id='word_1_179' title='bbox 178 2543 509 2598; x_wconf 83' lang='lat' dir='ltr'>Antevolant</span> <span class='ocrx_word' id='word_1_180' title='bbox 548 2546 824 2614; x_wconf 75' lang='lat' dir='ltr'>Zephyros</span> <span class='ocrx_word' id='word_1_181' title='bbox 864 2547 1081 2617; x_wconf 88' lang='lat' dir='ltr'>pinnae7</span> <span class='ocrx_word' id='word_1_182' title='bbox 1124 2566 1255 2614; x_wconf 92' lang='lat' dir='ltr'>quas</span> <span class='ocrx_word' id='word_1_183' title='bbox 1297 2548 1540 2599; x_wconf 88' lang='lat' dir='ltr'>caerulus</span> <span class='ocrx_word' id='word_1_184' title='bbox 1581 2548 1750 2599; x_wconf 91' lang='lat' dir='ltr'>ambit</span> 
     </span>
     <span class='ocr_line' id='line_1_33' title="bbox 176 2616 1591 2689; baseline 0.002 -20"><span class='ocrx_word' id='word_1_185' title='bbox 176 2616 337 2669; x_wconf 85' lang='lat' dir='ltr'>Flore</span> <span class='ocrx_word' id='word_1_186' title='bbox 378 2620 525 2671; x_wconf 88' lang='grc'>00101</span> <span class='ocrx_word' id='word_1_187' title='bbox 565 2639 859 2688; x_wconf 89' lang='lat' dir='ltr'>sparsoque</span> <span class='ocrx_word' id='word_1_188' title='bbox 901 2639 1060 2689; x_wconf 92' lang='lat' dir='ltr'>super</span> <span class='ocrx_word' id='word_1_189' title='bbox 1100 2621 1312 2672; x_wconf 86' lang='lat' dir='ltr'>ditescit</span> <span class='ocrx_word' id='word_1_190' title='bbox 1350 2621 1408 2672; x_wconf 89' lang='lat' dir='ltr'>in</span> <span class='ocrx_word' id='word_1_191' title='bbox 1447 2639 1591 2673; x_wconf 89' lang='lat' dir='ltr'>auro.</span> 
     </span>
    </p>

    <p class='ocr_par' dir='ltr' id='par_1_8' title="bbox 176 2691 1893 2895">
     <span class='ocr_line' id='line_1_34' title="bbox 289 2691 1670 2766; baseline 0.003 -24"><span class='ocrx_word' id='word_1_192' title='bbox 289 2691 394 2743; x_wconf 88' lang='lat' dir='ltr'>Hic</span> <span class='ocrx_word' id='word_1_193' title='bbox 432 2712 605 2761; x_wconf 89' lang='lat' dir='ltr'>neque</span> <span class='ocrx_word' id='word_1_194' title='bbox 646 2698 903 2762; x_wconf 89' lang='lat' dir='ltr'>concepto</span> <span class='ocrx_word' id='word_1_195' title='bbox 943 2695 1058 2746; x_wconf 85' lang='lat' dir='ltr'>fetu</span> <span class='ocrx_word' id='word_1_196' title='bbox 1096 2713 1194 2746; x_wconf 91' lang='lat' dir='ltr'>nec</span> <span class='ocrx_word' id='word_1_197' title='bbox 1234 2695 1433 2746; x_wconf 86' lang='lat' dir='ltr'>semine</span> <span class='ocrx_word' id='word_1_198' title='bbox 1475 2695 1670 2766; x_wconf 88' lang='lat' dir='ltr'>surgit7</span> 
     </span>
     <span class='ocr_line' id='line_1_35' title="bbox 179 2764 1893 2836; baseline 0.004 -21"><span class='ocrx_word' id='word_1_199' title='bbox 179 2764 284 2816; x_wconf 84' lang='lat' dir='ltr'>Sed</span> <span class='ocrx_word' id='word_1_200' title='bbox 321 2770 474 2833; x_wconf 90' lang='lat' dir='ltr'>pater</span> <span class='ocrx_word' id='word_1_201' title='bbox 514 2771 594 2818; x_wconf 91' lang='lat' dir='ltr'>est</span> <span class='ocrx_word' id='word_1_202' title='bbox 633 2769 918 2836; x_wconf 90' lang='lat' dir='ltr'>prolesque</span> <span class='ocrx_word' id='word_1_203' title='bbox 959 2769 1042 2820; x_wconf 93' lang='lat' dir='ltr'>sui</span> <span class='ocrx_word' id='word_1_204' title='bbox 1079 2769 1337 2836; x_wconf 91' lang='lat' dir='ltr'>nulloque</span> <span class='ocrx_word' id='word_1_205' title='bbox 1378 2773 1589 2821; x_wconf 89' lang='lat' dir='ltr'>creante</span> <span class='ocrx_word' id='word_1_206' title='bbox 1889 2826 1893 2829; x_wconf 63' lang='grc'>,</span> 
     </span>
     <span class='ocr_line' id='line_1_36' title="bbox 176 2838 1871 2895; baseline 0.004 -6"><span class='ocrx_word' id='word_1_207' title='bbox 176 2838 449 2892; x_wconf 85' lang='lat' dir='ltr'>Emeritos</span> <span class='ocrx_word' id='word_1_208' title='bbox 490 2844 638 2892; x_wconf 89' lang='lat' dir='ltr'>artus</span> <span class='ocrx_word' id='word_1_209' title='bbox 679 2842 904 2894; x_wconf 83' lang='lat' dir='ltr'>fecunda</span> <span class='ocrx_word' id='word_1_210' title='bbox 941 2846 1114 2894; x_wconf 91' lang='lat' dir='ltr'>morte</span> <span class='ocrx_word' id='word_1_211' title='bbox 1154 2842 1411 2895; x_wconf 88' lang='lat' dir='ltr'>reformat</span> <span class='ocrx_word' id='word_1_212' title='bbox 1816 2857 1871 2895; x_wconf 76' lang='lat'>25</span> 
     </span>
    </p>
   </div>
  </div>
 </body>
</html>
