2044 3220
172 94 276 146 192
721 91 967 136 CLAVDII
1000 92 1332 137 CLAVDIANI

166 230 433 299 Principis
475 233 526 282 et
568 228 697 281 solis
737 228 901 281 radiis
941 228 1149 281 detersa
1188 228 1416 281 removit

167 304 394 373 Nubila3
431 321 665 371 namque
703 303 823 355 ideo
863 303 1061 372 pluviis
1101 303 1414 356 turbaverat
1455 321 1639 356 omnes
1785 317 1872 358 540

169 378 313 432 Ante
355 379 465 431 dies
505 378 796 446 lunamque
834 377 1021 430 rudem
1059 377 1414 430 madefecerat
1453 376 1670 448 Auster,

169 452 246 506 Vt
286 453 389 505 tibi
430 455 702 505 servatum
742 452 939 504 scirent
980 471 1215 505 convexa
1255 469 1515 504 serenum.

284 526 454 580 Omne
492 527 743 579 Palatino
785 527 928 595 quod
966 545 1103 595 pons
1145 545 1175 579 a
1216 526 1352 579 colle
1390 525 1590 579 recedit

167 600 408 654 Mulvius
450 605 502 654 et
544 604 806 670 quantum
845 601 998 653 licuit
1040 619 1361 672 consurgere
1401 601 1575 671 tectiS‚

169 675 291 728 Vna
331 676 503 745 replet
542 676 734 728 turbae
774 676 960 728 facies:
1000 676 1201 728 undare
1240 675 1447 728 videres
1774 682 1874 729 ’545

169 749 285 803 Ima
324 751 455 803 viris
469 795 482 820 7
524 751 662 802 altas
704 750 958 821 effulgere
997 750 1262 802 matribus
1308 749 1476 803 aedes

168 825 436 878 Exultant
475 825 694 877 iuvenes
735 824 990 893 aequaevi
1028 825 1287 894 principis
1328 824 1509 893 annis3

170 899 440 952 Temnunt
479 899 656 968 prisca
698 917 849 951 senes
891 902 944 951 et
982 899 1041 951 in
1078 899 1223 951 hunc
1262 899 1366 951 sibi
1405 916 1663 968 prospera
1702 897 1803 951 fati

173 973 469 1027 Gratantur
510 974 729 1025 durasse
770 973 909 1025 diem
947 973 1328 1042 moderataque
1366 973 1590 1026 laudant

171 1048 458 1118 Tempora,
500 1047 644 1116 quod
684 1047 915 1100 clemens
956 1048 1128 1118 aditu,
1169 1048 1313 1116 quod
1343 1052 1560 1117 pectore
1594 1047 1742 1100 solus
1791 1059 1876 1101 550

169 1123 446 1175 Romanos
486 1122 659 1174 vetuit
699 1140 914 1174 currum
952 1122 1265 1190 praecedere
1303 1126 1506 1191 patres:

175 1197 309 1250 Cum
348 1201 531 1249 tamen
568 1196 896 1266 EucheriUS,
939 1197 1023 1249 cui
1062 1197 1243 1268 regius
1281 1197 1519 1266 undique
1560 1197 1796 1269 sanguiS,

171 1271 354 1341 Atque
392 1270 644 1343 Augusta
686 1290 839 1324 soror
877 1271 1035 1323 fratri
1072 1272 1354 1340 praeberet
1395 1272 1579 1324 ovanti

172 1346 366 1399 Militis
409 1346 748 1415 obsequium3
791 1346 867 1398 sic
904 1346 1062 1398 illum
1103 1346 1234 1398 dura
1272 1346 1512 1415 parentis

173 1420 421 1473 Instituit
460 1421 634 1489 pietas
674 1421 732 1473 in
772 1438 827 1473 se
865 1421 952 1473 vel
990 1421 1219 1492 pignora
1257 1421 1407 1490 parci
1792 1432 1878 1473 555

175 1494 384 1564 Quique
425 1499 587 1566 neget
624 1499 777 1565 nate,
817 1514 1101 1564 procerum
1142 1495 1288 1564 quod
1324 1498 1564 1564 praestat
1602 1493 1813 1548 honori.

171 1569 320 1622 Haec
361 1570 466 1621 sibi
507 1588 667 1622 curva
708 1588 896 1622 senum
934 1573 1254 1638 maturaque
1295 1570 1611 1638 comprobat
1651 1572 1799 1622 aetas

173 1643 342 1712 quue
379 1644 522 1696 inter
560 1644 757 1696 veteris
799 1644 1029 1712 speciem
1069 1644 1368 1712 praesentis
1409 1647 1462 1696 et
1502 1643 1656 1696 aulae

173 1717 404 1771 Iudicat:
444 1718 589 1770 hunc
629 1718 819 1788 civem,
860 1718 1106 1770 dominos
1145 1718 1355 1771 venisse
1394 1718 1615 1786 priores

289 1792 620 1862 Conspicuas
660 1796 778 1844 tum
816 1793 948 1844 flore
989 1811 1177 1864 genaS‚
1218 1792 1515 1845 diademate
1550 1793 1754 1846 crinem
1793 1805 1881 1846 560

174 1867 523 1936 Membraque
563 1870 834 1938 gemmato
875 1867 1093 1919 trabeae
1131 1867 1418 1919 viridantia
1460 1867 1640 1920 cinctu

173 1942 248 1994 Et
288 1942 457 1994 fortes
496 1960 711 1994 umeros
753 1945 806 1993 et
847 1945 1116 1994 certatura
1154 1941 1334 2011 Lyaeo

172 2015 322 2068 Inter
361 2016 691 2085 Erythraeas
732 2017 1009 2087 surgentia
1050 2016 1189 2068 colla
1229 2016 1542 2086 smaragdos

174 2090 363 2143 Mirari
404 2092 517 2143 sine
557 2092 663 2142 fine
702 2109 894 2159 nurus3
932 2092 1229 2162 ignaraque
1268 2091 1439 2162 virge,

178 2164 276 2217 Cui
318 2165 546 2234 simplex
586 2165 723 2217 calet
765 2184 855 2217 ore
893 2166 1082 2236 pudor,
1125 2184 1221 2234 per
1261 2165 1476 2236 singula
1516 2181 1738 2216 cernens
1793 2176 1879 2218 565

175 2238 458 2292 Nutricem
499 2239 772 2292 consultat
813 2259 996 2292 anum:
1032 2240 1160 2309 quid
1199 2240 1306 2292 fixa
1348 2240 1641 2292 draconum

176 2312 282 2365 Ora
321 2314 527 2366 velint?
566 2315 742 2366 ventis
781 2315 996 2367 fluitent
1037 2333 1105 2366 an
1143 2333 1268 2367 vera
1307 2314 1582 2366 minentur

179 2387 348 2439 Sibila
391 2406 711 2457 suspensum
750 2389 959 2457 rapturi
998 2389 1246 2441 faucibus
1285 2388 1537 2440 hostem?

177 2461 253 2513 Vt
295 2462 520 2530 chalybe
559 2462 779 2514 indutos
821 2463 1028 2531 equites
1070 2467 1122 2515 et
1161 2463 1219 2514 in
1259 2480 1378 2514 aere
1417 2462 1647 2513 latentes

174 2534 329 2587 Vidit
370 2536 702 2605 cornipedes:
744 2538 1005 2605 equanam
1045 2536 1107 2588 de
1147 2536 1327 2606 gente'
1367 2535 1596 2605 rogabat
1792 2548 1879 2588 570

178 2608 406 2661 eFerrati
445 2628 635 2662 venere
674 2610 820 2663 viri?
872 2629 1007 2679 quae
1046 2613 1189 2662 terra
1228 2608 1449 2661 metallo

175 2682 475 2736 Nascentes
513 2683 772 2736 informat
813 2684 1017 2752 equos?
1070 2703 1201 2736 num
1239 2683 1494 2735 Lemnius
1536 2686 1724 2736 auctor

177 2756 378 2810 Indidjt
416 2757 690 2810 hinnitum
728 2758 870 2810 ferro
913 2758 1304 2826 simulacraque
1343 2757 1473 2810 belli

297 2925 382 2964 557
417 2919 579 2978 curva]
613 2920 826 2976 Birtius;
858 2933 982 2964 cura.
