2044 3220
184 134 289 187 128
354 133 438 179 CL.
471 132 803 178 CLAVDIANI
835 131 973 178 PAN.
1005 132 1085 177 DE
1121 131 1365 186 QVARTO
1400 131 1566 177 CONS.
1601 132 1876 180 HONORII.

180 268 284 322 Per
323 272 417 321 tua
456 268 656 338 lanugo
699 285 819 319 eum
859 286 1067 337 serpere
1109 268 1341 337 eoeperit
1383 286 1474 320 ora
1484 312 1498 338 ‚

184 342 318 395 Cum
357 342 460 394 tibi
499 342 787 410 protulerit
826 341 992 395 festas
1031 361 1139 395 nox
1178 342 1424 411 pronuba
1462 341 1668 394 taedas!

184 416 330 479 Quae
370 415 468 467 tali
509 415 698 468 devota
737 419 882 486 tom,
923 435 1057 485 quae
1096 416 1297 469 murice
1337 416 1551 487 fulgens
1792 430 1878 471 645

182 489 293 543 Ibit
332 490 390 541 in
429 490 706 558 amplexus
744 491 886 542 tanti
924 491 1109 562 regina
1147 490 1365 542 mariti?

185 563 459 627 Quaenam
498 568 581 616 tot
622 563 758 616 divis
797 565 974 617 veniet
1012 583 1206 633 nurUS‚
1249 564 1497 616 omnibus
1538 563 1679 616 arvis

183 637 259 690 Et
298 641 417 690 toto
459 637 704 690 donanda
742 639 915 690 mari?
956 642 1295 707 quantusque
1335 638 1538 690 feretur

183 710 333 764 Idem
371 730 466 780 per
504 711 738 781 Zephyri
776 717 945 764 metas
985 712 1326 781 Hymenaeus
1368 715 1420 764 et
1459 711 1619 764 Euri!

185 783 230 839 Ο
271 785 404 837 mihi
446 786 491 838 si
530 786 688 838 liceat
727 787 981 838 thalamis
1020 786 1293 838 intendere
1335 804 1548 838 carmen
1796 800 1883 839 650

189 858 486 912 Conubiale
526 860 658 929 tuis,
701 861 745 912 si
784 864 838 913 te
877 861 985 912 iam
1026 860 1196 912 dicere
1235 862 1464 928 patrem!

186 932 420 1002 Tempus
462 935 585 1003 erit7
626 953 746 986 cum
785 938 846 986 tu
885 939 1035 986 trans
1074 934 1250 986 Rheni
1291 952 1489 986 cornua
1528 934 1723 1005 victor,

186 1006 451 1059 Arcadius
493 1012 677 1076 captae
719 1009 906 1077 spoliis
945 1009 1243 1077 Babylonis
1285 1012 1511 1061 onustus

190 1080 538 1133 Communem
577 1083 777 1134 maiore
817 1086 946 1153 toga
987 1083 1273 1153 signabitis
1313 1101 1534 1151 annum3

190 1153 536 1222 Crinitusque
575 1159 670 1208 tuo
713 1156 928 1208 sudabit
968 1157 1110 1209 fasce
1153 1155 1384 1226 Suebus7
1797 1168 1884 1211 655

187 1226 396 1281 Vltima
435 1229 702 1282 fraternas
741 1230 1039 1283 horrebunt
1078 1230 1274 1283 Baetra
1319 1248 1542 1283 secures
