2044 3220
203 86 541 131 >CARMINVM
564 86 777 131 MINOR.
806 86 1739 144 CORPVSCVLVM‚0.XXV1-XXV11.
1794 90 1905 142 235

206 221 283 274 Et
320 221 458 290 petit
499 222 760 274 alternam
799 221 1025 274 totidem
1062 241 1158 290 per
1197 223 1385 275 funera
1424 223 1605 275 vitam.

207 294 456 363 Namque
494 295 588 347 ubi
627 295 774 346 mille
813 295 928 346 vias
967 296 1265 366 longinqua
1304 297 1582 349 retorserit
1622 300 1819 366 aestas,

208 368 312 420 Tot
351 369 557 421 ruerint
595 368 819 437 hiemeS‚
859 369 1060 420 totiens
1100 388 1192 421 ver
1233 371 1477 422 cursibus
1518 373 1718 439 actum,

208 441 352 504 Quas
391 442 520 494 tulit
559 412 870 511 autumnds7
911 442 1113 494 dederit
1154 444 1453 496 cultoribus
1491 445 1732 496 umbras:

204 515 346 567 Tum
385 516 572 568 multis
611 515 827 585 gravior
867 516 1084 567 tandem
1125 517 1472 588 subiungitur
1512 518 1666 569 annis
1849 532 1904 570 30

205 589 530 642 Lustrorum
566 607 791 641 numero
832 590 1028 641 victus:
1071 608 1167 642 6611
1205 591 1349 642 lassa
1388 591 1639 659 procellis

205 662 390 715 Ardua
433 662 689 715 Caucasio
729 667 887 715 nutat
928 663 990 714 de
1032 663 1263 715 culmine
1302 664 1461 732 pinus

199 735 392 789 Seram
430 736 758 805 ponderibus
796 737 984 805 pronis
1024 741 1264 789 tractura
1303 737 1536 807 ruinam3

204 810 338 862 Pars
380 810 519 862 cadit
559 810 780 862 adsiduo
822 812 977 881 flatu,
1016 830 1142 880 pars
1181 812 1352 863 imbre
1391 830 1577 880 peresa

202 884 518 954 Rumpitur,
559 884 796 952 abripuit
835 889 1044 953 partem
1082 885 1279 937 vitiosa
1318 889 1574 937 vetustas
1848 900 1904 938 35

316 957 432 1009 Iam
471 959 631 1010 breve
673 959 930 1010 decrescit
969 960 1154 1010 lumen
1191 960 1520 1029 languetque
1562 959 1717 1011 senili

205 1031 398 1102 Segnis
440 1032 597 1084 stella
636 1033 784 1102 gelu,
827 1033 1001 1100 qualis
1043 1052 1164 1085 cum
1203 1034 1343 1085 forte
1383 1037 1597 1085 tenetur

198 1104 458 1158 Nubibus
499 1109 551 1157 et
592 1106 754 1158 dubio
795 1107 1034 1159 vanescit
1078 1107 1310 1175 Cynthia
1352 1125 1530 1159 cornu.

202 1178 319 1231 Iam
360 1179 551 1232 solitae
590 1181 794 1232 medios
837 1181 950 1232 alae
991 1184 1357 1232 transcurrere
1396 1181 1611 1232 nimbos

202 1253 312 1304 Vix
349 1253 457 1305 ima
496 1254 767 1306 tolluntur
805 1255 984 1306 humo.
1050 1255 1187 1305 Tum
1227 1255 1472 1306 conscius
1514 1255 1629 1306 aevi
1850 1269 1907 1308 40

202 1327 459 1379 Defuncti
498 1328 813 1396 reducisque
852 1347 1048 1397 parans
1090 1328 1305 1380 exordia
1346 1329 1550 1380 formae

202 1400 434 1453 Arentes
475 1401 670 1470 tepidis
712 1403 774 1453 de
817 1403 1046 1454 collibus
1088 1403 1241 1472 eligit
1280 1402 1476 1454 herbas

200 1474 278 1526 Et
317 1476 588 1527 tumulum
627 1479 814 1528 texens
853 1477 1090 1544 pretiosa
1130 1477 1318 1528 fronde
1361 1475 1626 1528 Sabaeum

206 1548 517 1618 Componit‚
557 1550 884 1618 bustumque
926 1550 1031 1601 sibi
1069 1554 1391 1618 partumque
1431 1551 1687 1601 futurum.

314 1622 420 1674 Hic
461 1623 607 1675 sedet
649 1627 700 1675 et
742 1623 923 1675 Solem
962 1624 1160 1675 blando
1203 1624 1455 1693 clangore
1496 1624 1696 1675 salutat
1850 1638 1905 1676 45

201 1696 449 1749 Debilior
486 1697 781 1765 miscetque
820 1716 1005 1766 preces
1045 1716 1105 1749 ac
1146 1698 1385 1766 supplice
1426 1700 1587 1749 cantu

201 1770 549 1823 Praestatura
586 1790 755 1824 novas
794 1772 935 1824 vires
973 1771 1219 1823 incendia
1257 1771 1447 1839 poscit.

206 1843 377 1906 Quem
415 1846 604 1913 procul
644 1846 886 1897 adductis
926 1846 1061 1898 vidit
1103 1865 1223 1897 cum
1261 1845 1515 1897 Phoebus
1554 1845 1802 1915 habeniS‚

207 1917 328 1970 Stat
369 1919 550 1971 subito
592 1920 855 1987 dictisque
893 1920 1044 1988 pium
1084 1920 1292 1971 solatur
1332 1920 1630 1971 alumnum:

208 1991 272 2044 ‘O
315 1993 523 2044 senium
561 1993 807 2076 positure
843 2012 977 2064 rogo
1018 1993 1277 2076 falsisque
1319 1993 1578 2061 sepulciis
1852 2008 1908 2047 50

203 2065 430 2119 Natales
469 2067 719 2119 habiture
758 2067 927 2136 vices
970 2067 1061 2135 qui
1102 2085 1257 2135 saepe
1298 2067 1506 2118 renasci

205 2140 392 2193 Exitio
432 2141 759 2224 proprioque
801 2111 941 2193 sole⁷s
981 2141 1270 2209 pubescere
1310 2141 1443 2209 leto,

202 2214 403 2283 Accipe
443 2215 768 2283 principium
806 2233 993 2266 rursus
1034 2233 1334 2282 corpusque
1376 2218 1620 2266 coactum

205 2289 418 2341 Desere.
481 2289 692 2341 Mutata
732 2289 923 2341 melior
961 2289 1187 2357 procede
1227 2289 1436 2358 figura?
1891 2344 1895 2348 ,

318 2362 467 2415 Haec
505 2363 651 2415 fatus
690 2381 915 2432 propere
955 2362 1109 2415 flavis
1150 2381 1176 2414 e
1218 2362 1455 2414 crinibus
1494 2382 1662 2415 unum
1851 2379 1908 2418 55

206 2436 481 2489 Gonoussa
522 2438 723 2489 cervice
761 2438 890 2489 iacit
929 2437 1202 2504 missoque
1241 2436 1512 2488 volentem

205 2511 379 2563 Vitali
417 2512 629 2583 fulgore
670 2511 809 2564 ferit.
872 2510 988 2563 Iam
1029 2514 1219 2579 sponte
1261 2514 1527 2562 crematur

205 2584 283 2637 Vt
322 2585 504 2637 redeat
544 2586 847 2656 gaudetque
886 2586 1025 2637 mori
1065 2584 1294 2636 festinus
1333 2584 1391 2635 in
1431 2588 1622 2636 ortum.

205 2657 399 2711 Fervet
441 2660 694 2712 odoratus
734 2660 859 2712 telis
901 2659 1221 2711 caelestibus
1263 2677 1427 2729 agger

214 2731 601 2802 Consumitque
643 2753 835 2786 senem.
898 2733 1117 2785 Nitidos
1158 2733 1459 2800 stupefacta
1498 2733 1752 2784 iuvencos
1853 2747 1909 2785 60

207 2806 361 2858 Luna
400 2808 595 2875 premit
634 2808 926 2879 pigrosque
965 2807 1124 2875 polus
1162 2825 1275 2858 non
1314 2807 1548 2859 concitat
1589 2825 1714 2858 axes

206 2880 548 2934 Parturiente
588 2901 748 2953 rogo:
790 2882 930 2934 curis
968 2880 1179 2934 Natura
1218 2879 1453 2952 laborat,
