2044 3220
86 99 333 158 (XXXVI.)
366 98 445 141 DE
471 98 677 142 RAPTV
702 97 1126 142 PROSERPINAE
1158 98 1339 143 LIBER
1362 100 1632 146 TERTIVS.
1665 101 1774 155 289

86 234 202 287 Νο0
242 234 406 286 semel
445 232 693 302 amplecti
730 251 1030 301 nomenque
1069 234 1262 287 iterare
1302 226 1502 290 sororis

88 308 163 360 Et
203 307 333 359 dura
374 307 436 359 de
474 310 645 359 matre
684 306 856 376 queri,
897 325 1032 374 quae
1070 309 1177 361 tale
1217 328 1430 363 recessu

89 381 342 433 Maluerit
383 381 631 433 damnare
672 380 829 432 decus
869 381 1196 450 vetitamque
1236 384 1453 438 dearum

93 455 376 523 Colloquio
416 454 608 523 patriis
646 455 834 522 procul
874 455 1236 509 amandaverit
1276 460 1450 512 astris,

87 528 292 582 Nostra
332 529 478 581 rudis
518 528 747 599 gaudere
786 527 942 580 malis
984 532 1035 580 et
1074 535 1287 583 nectare
1326 533 1478 604 largo
1693 550 1778 590 215

89 601 398 655 Instaurare
438 603 612 671 dapes
673 601 832 654 Nunc
872 621 1019 654 arma
1057 603 1409 674 habitumque
1448 608 1652 662 Dianae

89 675 339 729 Induitur
379 676 669 747 digitisque
709 678 996 744 attemptat
1035 678 1291 730 mollibus
1332 699 1534 752 arcum,

89 749 249 803 Nunc
288 750 478 803 crinita
515 749 657 802 iubis
696 749 926 820 galeam,
965 751 1216 803 laudante
1251 752 1514 824 Minerva,

88 823 286 893 Implet
326 828 378 877 et
417 824 690 895 ingentem
730 824 962 893 clipeum
1001 829 1212 895 gestare
1250 827 1475 881 laborat.

204 897 403 950 ‘Prima
440 898 625 950 Venus
666 916 882 967 campos
921 898 1282 968 Hennaeaque
1321 921 1445 954 rura
1484 903 1722 975 maligno

88 970 295 1042 Ingerit
335 972 549 1024 adflatu,
611 971 834 1024 Vicinos
875 973 1066 1024 callida
1105 974 1264 1026 fiores
1697 993 1781 1032 221

89 1044 393 1116 Ingeminat
432 1046 789 1114 meritumque
828 1047 934 1099 loci
972 1047 1119 1099 velut
1157 1048 1326 1101 inscia
1367 1051 1575 1118 quaerit

90 1118 205 1172 Nec
245 1119 432 1189 credit,
474 1120 617 1188 quod
656 1120 846 1172 bruma
884 1139 1036 1173 rosas
1075 1122 1294 1174 innoxia
1334 1129 1530 1194 servet⁷

93 1192 248 1255 Quod
285 1193 447 1264 gelidi
487 1194 715 1246 rubeant
756 1195 929 1247 alieno
970 1196 1208 1266 germine
1246 1216 1455 1250 menses

91 1267 272 1319 Verna
310 1286 408 1320 nec
446 1268 645 1320 iratum
683 1268 909 1321 timeant
947 1269 1184 1340 virgulta
1222 1270 1446 1324 Booten.
1699 1289 1786 1327 225

91 1341 237 1393 Dum
274 1341 393 1393 loca
431 1341 678 1411 miratur,
719 1343 896 1394 studio
938 1343 1063 1395 dum
1102 1345 1296 1415 flagrat
1337 1346 1518 1416 eundi,

91 1415 406 1485 Persuadet3
445 1416 643 1468 teneris
683 1416 787 1468 heu
826 1416 1033 1469 lubrica
1072 1418 1313 1471 moribus
1355 1422 1522 1472 aetas!

94 1488 240 1551 Quos
280 1508 379 1560 ego
418 1489 780 1558 nequidquam
818 1491 1089 1561 planctUS‚
1131 1511 1263 1560 quas
1302 1493 1465 1546 inrita
1504 1495 1619 1546 fudi

92 1562 198 1615 Ore
236 1565 443 1632 preces!
506 1563 638 1615 Ruit
676 1563 771 1615 iHa
810 1568 991 1616 tamen
1031 1567 1232 1617 confisa
1272 1585 1519 1620 sororum

91 1637 389 1706 Praesidio3
430 1637 661 1689 famulae
700 1638 864 1709 longo
904 1642 1029 1707 post
1071 1639 1253 1692 ordine
1291 1640 1590 1710 Nymphae.
1702 1658 1788 1698 230

206 1710 343 1764 ‘Itur
380 1711 439 1763 in
477 1714 693 1764 aeterno
732 1712 959 1765 vestitos
999 1714 1240 1784 gramine
1282 1715 1444 1767 colles

93 1785 168 1837 Et
207 1785 382 1854 prima
421 1785 521 1837 sub
560 1785 678 1838 luce
717 1786 927 1857 legunt,
968 1805 1089 1839 cum
1126 1807 1246 1840 rore
1288 1807 1504 1841 serenus

95 1858 260 1911 Albet
300 1877 428 1929 ager
468 1878 790 1928 sparsosque
830 1861 1027 1913 bibunt
1066 1862 1293 1914 violaria
1334 1882 1504 1916 sucos,

96 1933 202 1986 Sed
239 1936 529 2002 postquam
567 1934 741 1986 medio
784 1935 866 1986 sol
905 1935 1067 1988 altior
1106 1936 1310 1989 institit
1351 1938 1462 2007 axi,

95 2007 236 2060 Ecce
274 2007 460 2076 polum
497 2026 606 2059 nox
645 2008 800 2060 foeda
838 2009 981 2077 rapit
1020 2011 1438 2080 tremefactaque
1477 2016 1635 2065 nutat
1704 2027 1790 2067 235

97 2080 282 2134 Insula
324 2081 667 2150 cornipedum
705 2082 868 2150 pulsu
908 2084 1242 2152 strepituque
1281 2089 1536 2139 rotarum.

96 2156 274 2209 Nosse
311 2174 408 2208 nec
449 2155 692 2226 aurigam
731 2156 907 2209 licuit:
948 2176 1042 2209 seu
1080 2158 1326 2210 mortifer
1364 2159 1456 2211 ille

100 2230 206 2282 Seu
244 2229 392 2282 Mors
432 2230 550 2298 ipsa
589 2230 707 2282 fuit.
768 2230 932 2283 Livor
969 2237 1248 2300 permanat
1286 2233 1344 2284 in
1382 2232 1598 2304 herbas;

99 2304 372 2356 Deficiunt
411 2303 536 2373 rivi3
578 2304 826 2372 squalent
864 2305 1114 2376 rubigine
1153 2310 1308 2374 prata

98 2378 174 2430 Et
212 2378 354 2429 nihil
392 2378 647 2430 adflatum
686 2378 845 2431 vivit:
885 2380 1085 2448 pallere
1125 2380 1377 2451 ligustra7
1708 2397 1796 2436 240

99 2452 363 2520 Expirare
402 2470 575 2522 rosas7
615 2453 913 2505 decrescere
952 2454 1067 2506 lilia
1105 2454 1228 2506 vidi.

101 2526 178 2578 Vt
217 2544 378 2578 rauco
417 2526 647 2578 reduces·-
675 2530 853 2580 tractu
893 2528 1117 2580 detorsit
1156 2528 1393 2580 habenas
1402 2572 1416 2598 7

102 2599 229 2653 Nox
269 2619 364 2651 sua
402 2601 750 2669 prosequitur
789 2620 1024 2671 currum,
1063 2602 1158 2653 lux
1197 2602 1436 2654 redditur
1476 2602 1608 2655 orbi.

103 2674 444 2743 Persephone
482 2693 761 2743 nusquam.
823 2675 968 2728 Voto
1010 2676 1210 2728 rediere
1248 2680 1465 2745 peracto

103 2747 219 2800 Nec
258 2766 499 2800 mansere
540 2749 678 2801 deae.
741 2749 935 2802 Mediis
975 2750 1275 2802 invenimus
1317 2751 1460 2803 arvis
1715 2765 1803 2804 245

226 2912 313 2951 220
345 2909 681 2968 Hennaeaque]
716 2911 1025 2966 Parrhasius,-
1057 2911 1336 2966 ethneaque.

197 2989 431 3023 cnm-mma
456 2991 564 3032 OPP.,
592 2993 648 3026 ed.
674 2994 817 3026 Koch.
1390 2992 1442 3030 19
