2085 3215
265 113 336 164 48
805 111 1048 156 CLAVDII
1080 111 1408 156 CLAVDIANI

265 246 386 298 Vna
427 247 615 298 domus
655 246 853 297 totiens
893 264 997 298 una
1038 247 1099 298 de
1139 251 1296 318 gente
1336 247 1643 315 triumphet.
1863 262 1948 302 345

265 320 334 371 Di
375 321 521 388 bene,
562 320 704 388 quod
742 320 908 371 tantis
946 321 1393 372 interlabentibus
1433 320 1586 372 annis

266 393 473 444 Servati
512 393 829 461 Firmusque
868 393 1000 446 mihi
1039 395 1307 461 fraterque
1346 392 1564 462 nepoti.'

265 467 417 518 Dixit
458 471 510 518 et
550 467 777 518 adflatus
816 467 991 519 vicino
1034 468 1143 519 sole
1184 468 1398 538 refugit.

375 539 449 591 At
488 541 734 592 iuuenem
775 541 1007 592 stimulis
1046 541 1351 593 inmanibus
1391 541 1598 592 aemula
1637 541 1808 593 virtus

264 613 517 684 Exacuit3
556 615 662 666 iam
701 633 877 682 puppe
917 615 1052 683 vehi,
1092 615 1198 666 iam
1239 619 1430 685 stagna
1471 631 1646 666 secare
1863 630 1948 669 350

263 686 454 739 Fervet
495 692 547 740 et
587 688 833 740 absentes
872 689 1118 740 invadere
1159 689 1374 757 cuspide
1413 687 1646 740 Mauros,

265 761 402 813 Tum
441 762 590 814 iubet
630 763 787 813 acciri
829 780 1069 813 socerum
1110 762 1454 830 dextramque
1493 765 1683 814 vocato

267 834 513 887 Conserit
553 839 620 904 et,
661 854 793 903 quae
835 836 904 886 sit
943 836 1123 903 potior
1163 836 1441 905 sententia,
1482 836 1711 903 quaerit:

379 909 505 960 ‘Per
545 927 761 960 somnos
800 909 947 979 mihi,
996 913 1176 961 sancte
1214 913 1381 979 pater,
1427 909 1534 960 iam
1575 927 1728 977 saepe
1768 910 1950 962 futura

263 981 579 1034 Panduntur
617 983 922 1050 multaeque
963 987 1158 1035 canunt
1197 983 1476 1053 praesagia
1513 987 1711 1035 noctes,
1862 998 1948 1036 355

262 1055 509 1123 Namque
548 1057 736 1124 procul
774 1056 1005 1124 Libycos
1044 1060 1239 1108 venatu
1281 1058 1491 1127 cingere
1532 1056 1701 1108 saltus

263 1129 338 1180 Et
376 1130 502 1199 iuga
542 1131 724 1181 rimari
765 1131 985 1181 canibus
1027 1129 1252 1182 Gaetula
1290 1131 1521 1182 videbar.

263 1201 537 1254 Maerebat
577 1204 724 1273 regio
767 1204 909 1255 saevi
947 1208 1157 1255 vastata
1197 1204 1366 1256 leonis

261 1275 508 1345 Incursu3
547 1277 808 1345 pecudum
849 1281 1056 1347 strages
1094 1278 1400 1345 passimque
1438 1278 1647 1329 iuvenci

264 1348 562 1402 Semineces
603 1354 655 1402 et
695 1350 867 1402 adhuc
904 1351 1101 1402 infecta
1140 1352 1372 1419 mapalia
1410 1351 1538 1403 tabo
1864 1366 1949 1405 360

266 1422 566 1492 Sparsaque
608 1425 914 1495 sanguineis
954 1428 1233 1493 pastorum
1271 1425 1458 1477 funera
1499 1425 1712 1493 campis,

262 1496 562 1568 Adgredior
601 1498 835 1550 latebras
874 1500 1104 1550 monstri
1142 1499 1442 1567 mirumque
1482 1499 1654 1551 relatu

267 1570 571 1639 Conspicio:
613 1572 851 1639 dilapsus
890 1572 1078 1641 honos,
1123 1573 1322 1624 cervice
1361 1573 1593 1624 minaces

263 1643 543 1696 Defluxere
582 1645 760 1713 iubae3
800 1645 999 1697 fractos
1038 1646 1302 1716 inglorius
1342 1664 1518 1697 armos

265 1716 558 1785 Supposuit
600 1719 788 1769 servile
828 1736 1044 1788 gemens
1083 1720 1383 1787 iniectaque
1421 1719 1597 1771 vincla
1861 1735 1946 1773 365

261 1791 549 1861 Vnguibus
590 1796 642 1843 et
682 1792 890 1843 subitae
930 1793 1068 1844 collo
1110 1811 1332 1844 sonuere
1372 1796 1599 1845 catenae.

263 1864 418 1916 Nunc
461 1866 620 1916 etiam
659 1865 879 1933 paribus
920 1884 1097 1917 secum
1138 1870 1337 1918 certare
1376 1867 1611 1935 tropaeis

264 1937 527 1990 Hortator
565 1957 648 1990 me
689 1940 833 2009 cogit
874 1958 1016 1991 avus,
1097 1939 1339 2002 Quonam
1378 1958 1546 2008 usque
1585 1940 1777 1992 remoti

267 2011 626 2063 Cunctamur?
688 2012 881 2064 Decuit
920 2013 1125 2081 pridem
1166 2013 1429 2081 complere
1468 2014 1695 2066 biremes

262 2084 337 2137 Et
376 2086 553 2156 pelagi
594 2104 842 2154 superare
881 2105 1071 2138 moras,
1150 2087 1534 2139 Transmittere
1573 2088 1777 2156 primus
1863 2102 1947 2140 370

261 2156 383 2226 Ipse
422 2178 575 2228 paro3
616 2178 978 2228 quaecumque
1017 2178 1134 2212 meo
1175 2179 1306 2230 gens
1345 2161 1573 2212 barbara
1610 2164 1746 2213 nutu

264 2231 576 2303 Stringitur,
616 2233 882 2285 adveniat:
929 2233 1211 2286 Germania
1251 2238 1440 2286 cuncta
1479 2235 1682 2287 feratur

261 2304 506 2358 Navibus
547 2310 599 2358 et
639 2307 782 2358 socia
822 2308 1143 2359 comitentur
1183 2308 1350 2359 classe
1391 2307 1690 2377 Sygambri.

260 2377 469 2431 Pallida
508 2380 830 2431 translatum
868 2381 975 2432 iam
1016 2381 1211 2432 sentiat
1249 2380 1433 2432 Africa
1471 2381 1730 2433 Rhenum.

262 2450 352 2504 An
389 2454 564 2521 patiar
602 2457 686 2505 tot
724 2454 921 2521 probra
962 2454 1147 2506 sedens
1185 2455 1497 2522 iuvenisque
1529 2455 1827 2523 relinquam
1860 2469 1945 2508 375

266 2524 410 2586 Quae
450 2528 597 2578 tenui
637 2528 854 2595 rexique
893 2528 1060 2595 puer?
1121 2528 1214 2580 Bis
1252 2532 1437 2580 noster
1476 2528 1542 2580 ad
1579 2527 1746 2597 Alpes

264 2597 504 2651 Alterius
544 2601 756 2671 genitor
796 2601 1070 2653 defensum
1110 2619 1273 2672 regna
1313 2603 1559 2653 cucurrit.

263 2670 380 2723 Nos
419 2674 642 2740 praedae
682 2674 864 2726 faciles
903 2675 1302 2742 insultandique
1340 2674 1636 2727 iacemus‘?'

373 2745 621 2799 Finierat.
701 2746 927 2800 Stilicho
968 2752 1153 2800 contra
1194 2749 1277 2800 cui
1316 2749 1446 2800 talia
1485 2748 1678 2800 reddit:

265 2815 576 2870 ‘Adversine
615 2821 803 2873 tubam
840 2821 1086 2890 princeps
1127 2822 1412 2892 dignabere
1451 2821 1664 2874 Mauri?
1857 2836 1944 2876 380

263 2888 487 2944 Auferet
525 2893 752 2963 ignavus
793 2895 922 2947 clari
962 2896 1160 2947 solacia
1198 2896 1308 2965 leti,
