2044 3220
733 741 836 800 DE
886 741 1143 800 BELLO
1196 740 1559 801 GOTHICO.

940 876 1342 926 PRAEFATIO.

1049 988 1236 1046 (XXV.)

294 1082 427 1134 Post
466 1080 668 1133 resides
710 1098 880 1133 annos
919 1080 1085 1152 longo
1125 1079 1273 1133 velut
1315 1081 1489 1133 excita
1530 1099 1719 1135 somno

367 1154 629 1208 Romanis
669 1155 870 1208 fruitur
907 1159 1096 1208 nostra
1135 1154 1329 1208 Thalia
1368 1155 1562 1209 choris,

295 1229 525 1300 Optatos
565 1233 827 1283 renovant
867 1230 1051 1283 eadem
1089 1229 1226 1282 mihi
1268 1230 1503 1283 culmina
1544 1234 1751 1301 coetuS,

367 1304 632 1358 Personat
673 1308 724 1357 et
762 1308 895 1358 noto
934 1304 1135 1374 Pythia
1173 1308 1296 1357 vate
1336 1305 1548 1358 domus:

297 1379 549 1432 Consulis
587 1379 678 1432 hic
716 1379 889 1432 fasces
930 1379 1099 1432 cecini
1137 1379 1474 1449 Libyamque
1512 1384 1804 1453 receptam,

368 1453 475 1507 Hic
513 1454 650 1507 mihi
688 1454 978 1525 prostratis
1017 1454 1161 1507 bella
1203 1454 1438 1507 canenda
1480 1453 1646 1508 Getis,

297 1601 402 1656 Sed
438 1601 589 1672 prior
628 1601 867 1674 effigiem
905 1603 1102 1655 tribuit
1143 1620 1420 1656 successus
1460 1621 1670 1674 aenam,

372 1675 585 1745 Oraque
623 1677 886 1746 patricius
924 1681 1112 1729 nostra
1154 1676 1352 1730 dicavit
1391 1677 1588 1746 honos3

298 1749 507 1803 Adnuit
547 1751 637 1803 hic
675 1751 926 1821 princeps
966 1750 1190 1803 titulum
1228 1754 1483 1820 poscente
1524 1755 1728 1805 senatu,

370 1825 599 1895 Respice
639 1825 900 1878 iudicium
941 1844 1102 1894 quam
1141 1844 1326 1896 grave,
1366 1824 1546 1896 Musa,
1586 1826 1760 1880 subis!

296 1898 522 1971 Ingenio
562 1899 762 1952 minuit
801 1918 1002 1952 merces
1041 1903 1329 1969 properata
1369 1900 1622 1953 favorem.

372 1973 716 2027 Carminibus
755 1975 969 2027 veniam
1006 1974 1245 2044 praemia
1283 1977 1436 2027 tanta
1474 1978 1699 2047 negant3

295 2047 370 2101 Et
408 2049 584 2120 magis
624 2048 835 2101 intento
878 2048 1117 2101 studium
1158 2067 1376 2102 censore
1415 2048 1654 2119 laborat,

371 2121 527 2186 Quod
564 2123 796 2195 legimur
835 2123 1012 2176 medio
1054 2123 1523 2193 conspicimurque
1562 2124 1697 2176 for0.

294 2269 549 2324 Materies
587 2275 771 2325 tamen
809 2271 928 2341 ipsa
966 2271 1117 2325 iuvat
1158 2271 1487 2340 solitumque
1525 2271 1778 2325 timorem

369 2344 598 2398 Dicturo
639 2364 836 2417 magna
877 2346 1061 2398 sedula
1098 2349 1252 2415 parte
1291 2345 1449 2398 levat.

294 2417 438 2471 Nam
476 2419 613 2472 mihi
655 2420 909 2473 conciliat
949 2424 1133 2492 gratas
1174 2419 1472 2489 impensius
1512 2437 1667 2472 aures

368 2492 473 2545 Vel
512 2495 765 2548 meritum
804 2494 936 2548 belli
976 2495 1062 2547 vel
1102 2492 1421 2547 Stilichonis
1461 2511 1623 2545 amor.

1041 2771 1253 2828 (xxvi.)

406 2860 606 2915 Intacti
647 2881 767 2915 cum
808 2862 1041 2915 claustra
1082 2861 1230 2931 freti,
1271 2862 1590 2914 coeuntibus
1630 2880 1832 2932 aequor

295 2934 581 2988 Armatum
620 2936 858 3006 scopulis
872 2981 885 3007 ‚
925 2936 1098 2989 audax
1138 2936 1466 3006 inrumperet
1506 2935 1655 3007 Argo

1940 1842 1991 1882 10
