2039 3235
150 108 343 153 XLVIII
611 106 1086 152 ADNOTATIONES
1121 106 1411 152 CRITICAE.

241 241 306 284 XI
332 247 356 285 3
391 239 660 295 interpunxi
692 239 1030 283 Buechelerum
1063 241 1264 284 secutus

197 301 304 344 XIII
389 299 439 342 in
470 298 612 342 titulo
644 313 732 343 saa
762 313 847 355 pro
880 301 977 344 eius
1009 299 1190 355 accipe3
1230 300 1366 355 patet
1403 299 1489 342 has
1523 298 1857 357 inscriptiones

390 372 485 401 non
515 357 696 414 positas
730 364 832 403 esse
866 358 924 402 ab
957 359 1060 415 ipso
1091 361 1246 415 poeta

150 419 281 462 XVII
309 422 362 460 15
395 417 622 462 Dextram
647 419 792 462 exerit
814 418 912 476 ille]
946 417 1102 461 editur
1127 418 1382 461 secundum
1409 433 1449 471 ε;
1484 420 1623 475 ereyit
1645 418 1700 474 R,
1731 418 1857 474 quod

388 477 485 520 fere
518 475 645 519 idem
674 476 867 521 valeret.
931 479 1150 521 neutrum
1191 479 1347 521 sensui
1394 476 1608 521 sufficere
1653 454 1854 522 videtur.

389 550 495 579 cum
528 535 654 579 enim
684 535 807 579 nihil
839 536 938 580 sine
984 550 1128 579 causa
1159 535 1209 579 in
1242 535 1441 579 artificio
1480 537 1542 579 sit
1573 536 1651 579 vel
1683 536 1856 581 descri-

390 597 549 650 batur,
596 595 636 638 si
677 595 778 639 sola
816 595 953 639 laeva
990 600 1128 652 pater
1165 597 1404 651 portatur,
1454 595 1705 639 dicendum
1751 595 1856 652 fuit,

390 668 530 709 quem
563 654 624 698 ad
654 655 794 698 finem
829 655 996 698 dextra
1028 657 1258 699 exeratur.
1314 653 1411 698 iam
1441 667 1551 699 vero
1584 654 1668 698 ubi
1698 659 1854 699 vestes

389 715 605 758 volantes
639 713 941 770 descriptae
938 717 1066 770 =,unt
1113 713 1389 770 saepissime
1423 713 1544 758 solet
1574 728 1741 758 manus
1773 714 1857 759 ho-

388 773 528 816 minis
576 773 699 817 vesti
747 787 890 828 quam
934 773 1141 817 retineat
1185 773 1428 829 adplicari.
1499 786 1557 816 ne
1597 773 1736 830 plura
1776 774 1856 818 ad-

387 832 558 890 feram,
607 832 658 874 in
694 833 970 876 memoriam
1008 846 1175 876 revoco
1222 832 1379 876 locum
1418 789 1628 877 Moschip
1639 832 1856 890 Europae

389 896 545 936 v.126
565 906 678 948 sqq„
713 906 851 948 quem
875 892 1089 936 imitatus
1116 895 1188 935 est
1214 891 1425 948 Ovidius,
1452 891 1534 935 ubi
1557 892 1719 965 puella
1744 893 1856 936 dum

389 951 541 994 altera
579 965 723 994 manu
764 965 811 995 se
854 953 1110 1007 sustentat,
1159 951 1312 995 altera
1357 949 1633 1008 πορφυρέην
1678 950 1855 997 κόλπου

388 1010 541 1068 πτύχα
561 1010 684 1067 εἴρυε
713 1048 721 1056 .
741 1047 749 1055 .
772 1047 779 1055 .
807 1012 1031 1068 κολπώθη
1059 1010 1102 1054 δ’
1128 1008 1342 1067 ἀνέμοισι
1365 1009 1540 1063 πέπλος
1563 1014 1655 1057 κτλ.
1693 1011 1856 1067 itaque

389 1072 605 1126 expecto:
652 1072 840 1114 reiectas
884 1076 1015 1115 vento
1058 1072 1304 1115 chlamides
1344 1071 1508 1115 dextra
1547 1073 1726 1128 adripit
1763 1072 1854 1116 ille.

390 1129 626 1173 sufficeret
659 1131 816 1173 autem
849 1131 965 1173 haec
996 1129 1159 1174 lectio:
1205 1131 1393 1175 reiectae
1425 1135 1556 1175 vento
1588 1132 1857 1185 chlamide85

388 1190 551 1232 devera
590 1190 769 1245 adripit
806 1189 885 1233 ille
924 1192 1004 1244 (sc.
1039 1191 1149 1245 eas).
1219 1188 1322 1233 fieri
1369 1192 1529 1232 tamen
1574 1190 1755 1246 potest,
1802 1192 1857 1233 ut

388 1250 533 1303 poeta
566 1247 773 1291 scribens
805 1249 1014 1292 dextram
1038 1251 1182 1293 exerit
1204 1250 1281 1293 ille
1312 1248 1459 1292 tacite
1484 1250 1641 1293 mente
1669 1249 1856 1306 supple-

387 1306 510 1350 verit
542 1308 818 1363 adreptaras
850 1308 1106 1353 chlamides.

298 1370 354 1409 20
386 1367 603 1424 meruere]
639 1366 695 1409 cf.
729 1365 969 1422 Philologi
1000 1368 1113 1411 tom.
1139 1365 1287 1410 XLIX
1317 1381 1361 1423 p.
1391 1370 1488 1411 748.

299 1429 354 1468 28
388 1427 604 1483 momina]
636 1425 726 1469 hoc
757 1439 815 1469 ne
849 1426 953 1481 quis
986 1428 1169 1483 tangat,
1203 1428 1416 1470 conferat
1446 1441 1489 1470 v.
1516 1430 1541 1469 2
1575 1427 1733 1472 divino
1765 1441 1852 1472 me-

386 1486 499 1529 ritos
530 1499 700 1542 semper
733 1487 897 1529 honore
929 1487 1029 1530 coli.

298 1549 352 1587 35
379 1545 532 1601 patri]
566 1544 755 1600 reposui
780 1558 837 1588 ex
858 1548 912 1599 A,
946 1544 1071 1600 quod
1097 1558 1239 1600 quam
1262 1543 1582 1588 necessarium
1606 1544 1682 1600 sit,
1716 1545 1855 1590 docet

388 1617 584 1657 sequens
619 1617 795 1647 versus.
855 1603 912 1648 de
955 1603 1151 1648 elisione
1191 1605 1279 1648 hac
1318 1604 1369 1647 in
1409 1604 1519 1648 sede
1557 1618 1720 1648 versus
1759 1619 1855 1649 non

388 1662 537 1705 solum
569 1662 801 1718 permissa
833 1663 915 1706 sed
948 1663 1093 1707 etiam
1131 1677 1226 1707 non
1264 1662 1460 1707 insolita
1500 1663 1557 1708 cf.
1591 1678 1713 1719 quae
1745 1678 1853 1708 con-

387 1721 527 1824 tulitC
546 1721 616 1765 Bi.
665 1722 715 1765 in
760 1722 966 1767 metricis
1019 1736 1137 1778 quas
1184 1722 1396 1767 instituit
1443 1722 1852 1768 observationibus

145 1838 299 1882 XVIII
332 1845 356 1884 3
387 1796 648 1898 liturmwra]
685 1840 804 1884 haec
835 1840 976 1884 lectio
1009 1841 1119 1884 libri
1143 1841 1186 1882 V
1220 1842 1268 1884 et
1301 1840 1404 1884 sola
1439 1854 1626 1884 sensum
1655 1842 1855 1899 praebet

386 1899 475 1942 hoc
508 1899 558 1942 in
589 1899 691 1944 loco
727 1903 775 1943 et
804 1900 999 1943 fulcitur
1031 1900 1134 1944 coll.
1160 1900 1225 1943 IV
1251 1914 1376 1944 cons,
1400 1900 1521 1946 Hon.
1549 1906 1619 1946 65.

327 1964 351 2002 9
385 1958 620 2017 Abseritis]
655 1959 711 2003 cf.
745 1958 886 2002 Birtii
915 1959 1060 2015 praef.
1094 1975 1138 2016 p.
1164 1959 1303 2004 LXII.

192 2017 298 2061 XIX
324 2023 348 2061 2
382 2018 575 2076 Accola]
612 2018 779 2075 scripsi
810 2019 1055 2062 Barthium
1090 2021 1298 2070 secutus;
1332 2020 1497 2064 Incola
1528 2019 1661 2064 codd.

327 2081 351 2119 9
385 2078 628 2136 querellae]
661 2078 747 2121 hac
779 2092 894 2123 voce
928 2077 1130 2122 efficitur
1153 2093 1211 2123 ne
1237 2078 1440 2122 Birtium
1465 2078 1657 2134 quidem
1685 2080 1850 2137 (praef.

385 2152 430 2193 p.
457 2137 519 2179 XI
538 2145 622 2193 sq.)
668 2152 858 2193 prorsus
908 2137 1196 2181 sufficienter
1234 2137 1324 2181 hoc
1363 2152 1552 2182 carmen
1593 2152 1850 2186 enarrasse.

387 2195 570 2240 scilicet
599 2210 694 2240 non
725 2197 877 2240 solum
901 2199 1109 2242 convicia
1135 2197 1320 2241 dixerat
1344 2199 1486 2255 poeta
1519 2200 1578 2254 (v.
1609 2199 1694 2255 10),
1728 2213 1849 2254 quae

384 2255 584 2299 fortasse
609 2255 751 2300 hodie
778 2259 941 2300 extant
956 2256 1006 2299 in
1024 2256 1227 2300 carmine
1253 2256 1431 2300 minore
1449 2257 1569 2312 XXI,
1596 2257 1679 2301 sed
1704 2256 1849 2301 etiam

383 2315 617 2369 querellas
658 2315 719 2359 ad
756 2314 914 2372 ipsum
951 2315 1246 2359 Hadrianum
1285 2316 1536 2360 detulerat.
1601 2315 1669 2359 sic
1707 2330 1848 2373 porro

385 2374 648 2430 explicatur
686 2389 776 2418 vox
815 2376 945 2420 dolor
975 2377 1034 2432 (v.
1063 2381 1128 2430 6),
1176 2374 1259 2418 ubi
1288 2374 1511 2419 Heinsius
1550 2378 1700 2429 calor,·
1745 2375 1848 2433 ipse

385 2434 670 2479 Claudianus
711 2435 852 2478 antea
893 2434 952 2477 ab
991 2434 1233 2479 Hadriano
1276 2433 1434 2478 laesus
1473 2434 1618 2479 fuerit
1656 2448 1848 2481 necesse

384 2495 469 2548 est,
503 2493 626 2538 unde
659 2493 721 2536 ad
754 2494 985 2550 querellas
1018 2493 1126 2538 illas
1167 2493 1397 2550 impulsus
1431 2495 1515 2540 est.
1579 2494 1733 2549 qualis
1766 2494 1847 2539 ille

385 2551 519 2596 dolor
548 2553 712 2608 fuerit,
752 2568 813 2597 ne
846 2553 1078 2610 suspicari
1110 2553 1305 2609 quidem
1334 2555 1506 2610 potest.
1565 2553 1689 2598 addo
1723 2568 1846 2610 vero,

383 2625 441 2654 ne
474 2612 561 2655 hac
595 2611 787 2668 quidem
817 2613 899 2656 via
928 2613 978 2656 id
1011 2616 1306 2670 contingere,
1339 2615 1393 2657 ut
1423 2615 1560 2659 timor
1592 2613 1717 2669 quod
1747 2613 1846 2670 ple-

383 2670 515 2725 rique
550 2671 762 2717 scribunt
792 2688 835 2716 v.
865 2677 888 2715 7
921 2672 1242 2717 defendamus

295 2734 350 2773 29
384 2731 550 2788 calent]
586 2746 640 2775 ex
670 2731 714 2775 V
746 2731 925 2788 optimo
959 2734 1006 2775 et
1036 2732 1078 2774 A
1108 2731 1265 2788 recepi
1294 2734 1489 2789 propter
1519 2733 1693 2778 rabiem
1723 2745 1846 2789 quae

383 2789 625 2858 praecedit
654 2805 697 2835 v.
724 2795 794 2836 27.

292 2851 348 2890 33
382 2849 579 2906 irisz'qnis
613 2884 657 2895 ..
729 2850 1008 2916 tria-mplius]
1049 2849 1117 2894 sic
1157 2849 1285 2894 edidi
1315 2849 1356 2893 R
1396 2851 1601 2906 secutus;
1644 2851 1846 2909 insiyraes

382 2909 635 2964 triumphos
664 2908 849 2965 reliqui.
903 2924 1110 2967 primum
1150 2909 1276 2953 enim
1310 2910 1360 2954 in
1391 2909 1736 2956 exclamatione
1768 2923 1844 2955 ac·

2000 99 2009 104 .
1987 0 2010 89 -..Αῌ
