2044 3220
163 85 392 144 (XXVII.)
428 85 676 143 (XXVIII.)
708 84 1018 130 PANEGYR.
1044 85 1124 128 DE
1153 85 1347 131 SEXTO
1375 86 1542 132 CONS.
1569 87 1714 136 HON.
1764 89 1868 142 177

165 222 254 275 En
291 221 558 292 princepS,
599 239 666 273 en
705 221 853 273 orbis
894 239 1030 289 apex
1071 225 1332 290 aequatus
1375 221 1630 293 Olympo!

239 296 329 348 En
369 297 554 364 quales
594 295 836 366 memini,
875 295 1037 347 turba
1076 296 1327 366 verenda,
1370 297 1517 350 deos!

164 369 395 441 Fingere
434 371 514 423 nil
553 370 726 422 maius
764 369 944 438 potuit
986 388 1162 439 sopor,
1204 371 1420 439 altaque
1460 372 1572 424 vati
1815 388 1871 427 25

243 444 580 498 Conventum
620 444 766 497 caelo
806 444 1057 514 praebuit
1099 445 1221 496 aula
1260 464 1457 514 parem.

729 743 1313 805 PANEGYRIOVS.

898 872 1143 929 (XXVIII.)

277 966 458 1020 Aurea
496 965 769 1018 Fortunae
809 965 1015 1018 Reduci
1056 964 1102 1017 si
1140 964 1344 1033 templa
1383 965 1591 1034 priores

165 1040 247 1094 Ob
288 1042 521 1094 reditum
558 1059 752 1093 vovere
792 1040 1002 1109 ducum,
1040 1057 1153 1092 11011
1193 1039 1409 1110 dignius
1448 1058 1707 1109 umquam

163 1116 312 1169 Haec
353 1116 449 1168 dea
488 1134 586 1185 pro
627 1115 836 1167 meritis
879 1114 1086 1183 amplas
1128 1114 1233 1166 sibi
1271 1118 1518 1183 posceret
1560 1115 1730 1184 aedeS‚

165 1190 338 1254 Quam
379 1209 474 1243 sua
516 1209 637 1242 cum
676 1189 880 1259 pariter
919 1188 1122 1241 trabeis
1163 1192 1445 1257 reparatur
1486 1192 1538 1241 et
1578 1189 1703 1241 urbi

163 1265 443 1318 Maiestas:
483 1283 657 1333 neque
700 1265 843 1317 enim
884 1282 1103 1332 campus
1146 1263 1426 1315 sollemnis
1468 1266 1520 1315 et
1560 1282 1694 1315 urna
1849 1278 1874 1318 5

163 1340 397 1392 Luditur
435 1340 493 1391 in
531 1358 752 1408 morem,
794 1338 997 1407 species
1036 1355 1135 1390 nec
1175 1337 1393 1389 dissona
1434 1341 1591 1390 coetu

164 1414 278 1467 Aut
318 1413 604 1485 peregrina
642 1413 781 1466 nitet
823 1411 1066 1464 simulati
1105 1411 1240 1464 iuris
1280 1412 1476 1482 imago.

163 1488 455 1560 Indigenas
495 1487 715 1540 habitus
754 1487 940 1540 nativa
980 1485 1184 1555 palatia
1227 1490 1462 1555 sumunt,

162 1564 263 1634 Et,
302 1563 496 1633 patriis
536 1562 750 1631 plebem
791 1561 983 1614 castris
1025 1560 1266 1613 sociante
1309 1559 1554 1631 Quirino7

163 1638 311 1691 Mars
350 1637 603 1709 Augusta
644 1637 728 1689 sui
769 1638 994 1689 renovat
1035 1635 1294 1706 suffragia
1335 1635 1522 1704 campi.
1822 1650 1876 1690 10

166 1708 363 1776 Qualis
393 1712 495 1765 erit
534 1711 712 1782 1361116,
753 1729 913 1780 quem
952 1728 1109 1762 mons
1149 1709 1459 1762 Euandrius
1503 1709 1660 1762 offert

163 1787 427 1840 Romanis
468 1787 658 1839 avibus
669 1830 682 1856 ‚
724 1804 884 1854 quem
922 1784 1160 1853 Thybris
1194 1784 1502 1855 inaugurat7
1543 1783 1753 1836 annus?

240 1861 578 1929 Quamquam
619 1878 820 1929 01111166,
862 1859 1187 1928 quicumque
1227 1859 1310 1911 tui
1353 1858 1708 1930 cognominiS‚
1750 1859 1878 1912 anni

168 1935 390 2006 Semper
428 1935 755 1987 inoffensum
796 1933 1038 1986 dederint
1079 1933 1417 1985 successibus
1460 1951 1618 1985 omen

168 2010 400 2079 Sintque
440 2012 664 2078 tropaea
703 2012 826 2061 tuas
869 2025 1078 2076 semper
1118 2008 1376 2059 comitata
1417 2025 1644 2076 6600166,
1823 2021 1876 2060 15

164 2085 271 2138 Hic
310 2088 494 2137 tamen
533 2087 657 2136 ante
699 2101 883 2136 omnes
923 2082 1062 2134 miro
1102 2081 1445 2150 promittitur
1487 2085 1610 2133 ortu
1621 2124 1635 2151 ,

163 2160 333 2213 Vrbis
374 2162 426 2211 et
465 2157 706 2230 Augusti
746 2156 1020 2229 geminato
1060 2156 1282 2208 numine
1321 2155 1466 2207 felix.

165 2233 415 2303 Namque
455 2234 604 2286 velut
645 2232 832 2285 stellas
872 2230 1177 2299 Babylonia
1219 2248 1344 2282 cura
1386 2228 1629 2281 salubres

169 2307 389 2378 Optima
428 2311 559 2361 tunc
599 2307 828 2377 spondet
867 2305 1193 2358 mortalibus
1235 2304 1387 2356 edere
1427 2303 1554 2373 fata,

171 2382 471 2437 Caelicolae
512 2401 634 2435 cum
674 2382 816 2435 celsa
854 2383 1041 2434 tenent
1082 2397 1400 2447 summoque
1440 2378 1690 2430 feruntur
1819 2391 1875 2430 20

171 2457 397 2511 Cardine
436 2476 535 2511 nec
574 2457 754 2509 radios
792 2455 987 2508 humili
1028 2453 1262 2507 statione
1301 2452 1620 2505 recondunt:

166 2532 331 2586 Haud
369 2532 526 2585 aliter
563 2532 751 2585 Latiae
792 2529 1042 2584 sublimis
1084 2528 1324 2600 Signifer
1363 2527 1532 2596 aulae,

167 2606 391 2677 Imperii
431 2607 580 2660 sidus
619 2606 839 2676 propria
881 2623 1003 2658 cum
1044 2603 1165 2656 sede
1204 2601 1424 2671 locavit,—

168 2680 352 2753 Auget
394 2700 515 2752 spes
554 2680 746 2752 Italas3
787 2685 840 2733 613
881 2679 1078 2732 certius
1121 2676 1299 2730 omina
1340 2678 1571 2747 surgunt

169 2755 402 2809 Victrici
443 2760 701 2825 concepta
741 2755 873 2808 6010.
1821 2762 1876 2802 25

965 2827 1100 2881 Cum
1138 2825 1362 2895 pulcher
1392 2823 1592 2893 Apollo

170 2902 393 2957 Lustrat
431 2904 813 2974 Hyperboreas
852 2902 1082 2971 Delphis
1124 2899 1462 2952 cessantibus
1503 2917 1638 2968 araS‚

265 2998 503 3033 Cnavnmm
526 3001 632 3043 Oria,
664 3001 720 3033 ed.
744 3001 812 3033 Ko
824 2999 889 3032 ch.
1464 2991 1516 3029 12
