2044 3220
204 144 231 193 1
242 142 312 194 62
744 137 989 183 CLAVDII
1022 136 1353 182 CLAVDIANI

201 278 443 347 Depulsa
483 275 641 328 terris
679 275 876 326 iterum
914 291 1137 344 regnare
1178 272 1383 324 dedisti.

206 350 495 421 Splendida
537 349 832 417 suscipiant
873 347 1038 399 alium
1077 351 1130 399 te
1170 350 1347 398 rostra
1391 344 1698 415 Camillum,
1812 359 1898 399 390

201 427 451 478 Vltorem
488 423 704 475 videant
745 425 1175 488 servatoremque
1217 419 1451 481 Quirites

202 501 277 553 Et
316 498 549 568 populus
591 515 749 565 quem
789 496 978 547 ductor
1017 513 1181 546 ames:
1224 494 1419 562 quibus
1451 492 1637 544 Africa
1674 510 1769 562 per
1806 495 1860 544 te

202 573 317 626 Nec
355 572 505 641 prius
546 571 756 622 auditas
795 569 1090 622 Rhodanus
1128 569 1237 619 iam
1277 567 1440 619 donat
1480 566 1696 636 aristas,

201 647 279 699 Vt
317 646 452 698 mihi
489 645 576 697 vel
614 644 853 712 Massyla
895 642 1051 695 Ceres
1091 642 1177 693 vel
1218 640 1423 693 Gallica
1461 641 1635 708 prosit
1818 701 1821 702 ⁷

203 721 480 773 Fertilitas
519 736 825 786 messesque
864 717 1024 769 vehat
1063 734 1206 768 nunc
1244 715 1457 766 umidus
1496 714 1719 784 Auster,
1811 727 1899 768 395

204 795 363 848 Nunc
402 792 604 862 Aquilo
614 836 628 862 ,
669 792 874 843 cunctis
916 791 1178 842 ditescant
1217 789 1409 841 horrea
1447 789 1636 841 ventis.

319 867 493 930 ‘Quae
531 870 661 918 tunc
699 864 1020 916 Flaminiam
1061 863 1340 931 stipabunt
1379 863 1531 914 milia
1566 862 1737 933 vulgi!

203 942 393 994 Fallax
435 959 464 993 o
507 939 755 1008 quotiens
794 939 972 1007 pulvis
1014 938 1226 989 deludet
1266 955 1502 989 amorem

206 1016 559 1084 Suspensum,
598 1013 816 1065 veniens
859 1013 1004 1064 omni
1045 1012 1170 1063 dum
1211 1011 1437 1063 crederis
1477 1011 1632 1062 hora!

206 1089 537 1158 Spectabunt
578 1086 797 1155 cupidae
835 1090 1055 1152 matreS‚
1098 1089 1418 1156 spargentur
1457 1088 1510 1137 et
1551 1103 1735 1137 omnes
1811 1097 1900 1138 400

203 1163 361 1216 Flore
401 1163 541 1231 viae⁷
582 1163 795 1229 superet
837 1178 956 1211 cum
994 1159 1181 1211 Pincia
1223 1160 1455 1211 culmina
1496 1159 1684 1211 consul

202 1237 420 1289 Arduus
430 1280 442 1306 >
483 1234 692 1303 antiqui
733 1234 934 1302 species
973 1233 1216 1285 Romana
1258 1237 1488 1285 senatus

204 1311 532 1379 Pompeiana
573 1309 777 1360 dabunt
819 1311 1050 1376 quantos
1089 1308 1401 1375 proscaenia
1438 1307 1682 1375 plausus!

204 1384 291 1436 Ad
332 1384 537 1436 caelum
578 1383 826 1451 quotiens
867 1382 1024 1433 vallis
1065 1382 1167 1433 tibi
1205 1380 1411 1433 Murcia
1451 1381 1607 1433 ducet

203 1459 418 1511 Nomen
455 1457 725 1509 Aventino
764 1456 1151 1524 Pallanteoque
1191 1456 1488 1507 recussum!
1812 1468 1901 1507 405

202 1532 363 1584 Nunc
402 1535 455 1584 te
497 1530 823 1599 conspiciam
864 1530 1076 1599 castris,
1114 1530 1390 1599 permitte,
1429 1528 1631 1581 relictis

204 1605 333 1658 Mox
373 1610 425 1657 et
466 1623 587 1657 cum
626 1622 821 1675 genero
863 1604 1063 1655 trabeis
1103 1604 1284 1655 visura
1325 1601 1604 1655 secundis,9

315 1678 463 1730 Haec
503 1679 629 1729 dum
667 1677 840 1729 Roma
878 1677 1065 1746 refert,
1104 1677 1212 1728 iam
1243 1676 1409 1728 Fama
1448 1675 1766 1744 loquacibus
1798 1676 1902 1727 alis

203 1753 456 1805 Pervolat
497 1750 791 1819 Oceanum,
831 1750 1032 1820 linguis
1073 1754 1125 1802 et
1164 1750 1311 1802 mille
1352 1750 1546 1802 citatos

202 1827 480 1879 Festinare
519 1825 670 1876 iubet
708 1842 978 1893 procereS,
1015 1824 1259 1892 nullique
1301 1828 1569 1892 senectuS,
1810 1837 1900 1876 410

202 1899 331 1953 Non
368 1900 471 1952 iter
509 1898 749 1950 bibernis
792 1898 1011 1949 obstant
1050 1915 1148 1949 nec
1187 1898 1406 1949 flatibus
1445 1897 1636 1965 Alpes:

202 1974 388 2026 Vincit
429 1991 590 2025 amor.
653 1971 835 2023 Meriti
873 1972 1078 2039 pridem
1119 1971 1353 2040 clarique
1391 1971 1620 2023 vetustis

202 2047 462 2100 Fascibus
503 2047 569 2098 ad
609 2046 740 2097 socii
778 2049 1070 2114 properant
1111 2049 1163 2097 et
1202 2045 1427 2097 vindicis
1467 2064 1680 2097 annum.

205 2121 292 2174 Sic
330 2122 425 2173 ubi
465 2120 690 2172 fecunda
729 2120 998 2188 reparavit
1036 2123 1209 2172 morte
1249 2120 1522 2172 iuventam

203 2195 277 2247 Et
315 2195 521 2264 patrios
560 2194 702 2246 idem
742 2194 943 2246 cineres
985 2194 1314 2262 collectaque
1352 2197 1535 2262 portat
1811 2206 1898 2245 415

202 2269 490 2339 Vnguibus
532 2286 653 2320 ossa
692 2268 796 2336 piis
835 2267 1055 2335 Nilique
1096 2268 1163 2318 ad
1200 2268 1362 2320 litora
1407 2267 1630 2319 tendens

204 2342 410 2394 Vnicus
452 2345 688 2394 extremo
728 2341 971 2393 Phoenix
1008 2341 1250 2409 procedit
1290 2341 1356 2393 ab
1396 2341 1568 2393 Euro:

207 2415 544 2468 Conveniunt
585 2415 795 2483 aquilae
836 2419 1162 2483 cunctaeque
1203 2434 1267 2467 ex
1307 2415 1739 2482 orbevolucres7

202 2489 279 2540 Vt
322 2489 462 2542 Solis
501 2489 763 2540 mirentur
801 2506 973 2558 avem3
1012 2489 1202 2557 procul
1239 2489 1396 2559 ignea
1435 2489 1578 2539 lucet

203 2562 355 2631 Ales7
397 2563 604 2615 odorati
643 2562 885 2614 redolent
926 2566 978 2613 et
1019 2563 1262 2614 cinnama
1301 2561 1463 2613 busti.
1808 2574 1899 2614 420

315 2635 429 2688 Nec
468 2637 644 2687 minor
682 2636 740 2687 in
781 2636 925 2688 caelo
968 2636 1161 2687 chorus
1203 2639 1306 2705 est3
1352 2634 1557 2686 exultat
1595 2637 1820 2702 uterque

207 2708 539 2760 Theodosius
581 2709 793 2776 divique
833 2709 936 2777 tui3
978 2708 1072 2761 Sol
1109 2710 1223 2777 ipse
1265 2708 1538 2778 quadrigis

204 2781 343 2833 Vere
385 2783 653 2834 coronatis
693 2783 914 2852 dignum
953 2783 1055 2834 tibi
1093 2786 1376 2851 praeparat
1416 2801 1628 2834 annum.

318 2855 421 2906 Est
459 2856 646 2925 ignota
685 2856 875 2924 procul
912 2860 1234 2925 nostraeque
1273 2856 1530 2923 impervia
1569 2855 1741 2925 genti,

326 2975 413 3014 424
445 2969 596 3029 genti]
631 2971 914 3030 Koeniyius;
945 2973 1104 3016 menti.
