2044 3220
191 138 295 190 198
725 135 972 180 CLAVDH
1004 134 1337 182 CLAVDIANI

189 273 459 343 Iustitiae,
500 289 633 341 quas
674 275 797 323 ante
836 289 991 339 pares
1031 271 1276 324 effecerat
1315 289 1421 324 una
1824 287 1881 327 40

188 347 347 399 Nube
385 346 564 399 timor.
626 344 740 397 Tua
777 363 879 397 nos
917 345 1134 416 urgenti
1175 346 1389 397 dextera
1429 344 1538 397 leto

188 420 431 490 Eripuit,
470 420 736 488 tectisque
777 419 889 470 suis
928 419 1221 471 redduntur
1261 422 1314 470 et
1354 418 1498 489 agris

187 494 444 547 Damnati
483 494 596 546 fato
636 493 849 563 populi,
887 493 1088 546 virtute
1127 492 1315 544 renati.

187 567 302 621 Iam
340 587 452 621 non
490 568 549 620 in
585 585 839 637 pecorum
877 585 1081 620 morem
1119 565 1407 618 formidine
1447 566 1616 619 clausi

184 642 554 711 Prospicimus
596 660 783 694 saevos
825 641 1026 710 campis
1067 640 1380 692 ardentibus
1420 640 1573 712 ignes
1824 655 1881 696 45

185 714 316 769 Alta
355 734 452 769 nec
492 715 712 768 incertis
753 715 1006 767 metimur
1044 714 1266 766 flumina
1305 714 1449 766 votis

183 789 413 843 Excidio
454 789 631 842 latura
670 808 876 842 moram
913 806 1012 840 nec
1050 788 1323 857 poscimus
1364 806 1546 842 amnes

182 863 460 917 Vndosam
500 882 710 916 servare
749 863 909 914 fidem
946 862 1183 915 nubesve
1222 863 1440 933 fugaces
1539 861 1542 864 ’

185 936 298 990 Aut
339 937 678 990 coniuratum
719 937 992 1005 querimur
1033 936 1308 1005 splendere
1349 955 1608 990 serenum.

295 1011 418 1081 Ipsa
460 1030 672 1080 quoque
712 1010 940 1063 internis
981 1010 1138 1062 furiis
1179 1011 1412 1063 exercita
1450 1011 1626 1080 plebis
1824 1026 1880 1067 50

185 1085 410 1138 Securas
449 1086 558 1137 iam
597 1085 768 1138 Roma
809 1085 925 1137 leva
965 1084 1314 1154 tranquillior
1353 1103 1523 1156 arces3

183 1159 381 1231 Surge,
419 1178 631 1229 precor,
669 1159 969 1211 veneranda
1007 1177 1224 1228 parens,
1264 1162 1316 1211 et
1357 1163 1501 1211 certa
1543 1159 1790 1213 secundis

183 1233 315 1286 Fide
356 1234 468 1286 deis
478 1278 492 1304 ,
531 1233 898 1302 humilemque
936 1236 1140 1285 metum
1180 1233 1383 1302 depone
1424 1237 1680 1287 senectae.

179 1307 325 1360 Vrbs
367 1326 634 1376 aequaeva
673 1307 822 1378 polo,
861 1311 979 1359 tum
1020 1307 1232 1359 demum
1269 1308 1442 1360 ferrea
1482 1311 1656 1361 sumet

179 1380 272 1433 Ius
311 1383 369 1433 in
407 1386 461 1434 te
499 1382 777 1452 Lachesis,
819 1400 940 1433 cum
979 1381 1056 1433 sic
1095 1381 1385 1434 mutaverit
1426 1400 1579 1434 axem
1823 1396 1878 1436 55

180 1455 510 1508 Foederibus
549 1459 743 1508 natura
781 1456 965 1525 novis,
1004 1459 1065 1507 ut
1105 1455 1325 1508 flumine
1364 1474 1519 1508 verso

181 1528 389 1601 Inriget
429 1529 741 1601 Aegyptum
780 1529 1000 1599 TanaiS,
1039 1529 1309 1582 Maeotida
1349 1529 1535 1600 Nilus,

180 1603 360 1656 Eurus
402 1604 467 1655 ab
511 1623 702 1656 occasu
715 1648 728 1673 ,
767 1604 1045 1672 Zephyrus
1088 1622 1142 1655 se
1180 1607 1394 1672 promat
1434 1604 1500 1655 ab
1541 1602 1690 1656 Indis

184 1676 566 1746 Caucasiisque
606 1678 750 1749 iugis
793 1678 964 1729 calido
1004 1677 1350 1747 nigrantibus
1390 1675 1593 1730 Austro

184 1750 438 1804 Gaetulas
478 1750 680 1819 Aquilo
722 1751 893 1821 glacie
935 1751 1272 1821 constringat
1310 1750 1551 1803 harenas,
1818 1767 1877 1808 60

289 1824 504 1877 Fatales
544 1825 821 1893 hucusque
860 1842 1050 1876 manus
1060 1869 1073 1894 ,
1114 1824 1421 1893 crebrisque
1459 1828 1680 1878 notatae

178 1898 449 1969 Prodigiis
491 1899 668 1951 abiere
707 1899 897 1951 minae.
958 1897 1074 1951 Nec
1114 1898 1288 1950 sidera
1327 1917 1512 1967 pacem

183 1971 402 2041 Semper
439 1973 663 2043 habent,
703 1973 988 2042 ipsumque
1027 1971 1210 2024 Iovem
1249 1973 1504 2025 turbante
1544 1971 1824 2045 Typhoeo,

180 2044 239 2099 Si
279 2047 361 2098 fas
403 2050 506 2116 est,
545 2047 828 2099 tremuisse
867 2046 1070 2116 ferunt,
1111 2065 1231 2098 cum
1270 2046 1492 2099 brachia
1532 2051 1746 2100 centum

179 2119 460 2172 Montibus
501 2124 732 2173 armaret
771 2120 1000 2173 totidem
1040 2121 1345 2189 spiramque
1384 2123 1702 2190 retorquens
1817 2136 1873 2176 65

179 2194 464 2246 Lamberet
505 2195 764 2247 attonitas
807 2194 997 2246 erectis
1037 2194 1306 2265 anguibus
1345 2193 1556 2247 Arctos,

184 2266 325 2331 Quid
362 2268 580 2338 mirum,
622 2269 668 2320 si
708 2287 873 2339 regna
911 2268 1068 2320 labor
1106 2268 1357 2320 mortalia
1395 2272 1576 2338 vexat,

183 2341 317 2393 Cum
357 2342 559 2412 gemini
598 2343 815 2412 fratreS,
855 2342 1043 2412 genuit
1084 2361 1219 2411 quos
1260 2360 1415 2411 asper
1453 2341 1679 2411 Aloeus,

180 2414 411 2467 Martem
451 2416 787 2468 subdiderint
826 2416 1018 2468 vinclis
1059 2419 1111 2467 et
1152 2416 1211 2468 in
1249 2419 1394 2468 astra
1431 2419 1655 2486 negatas

181 2487 517 2558 Temptarint
555 2491 764 2543 munire
803 2489 918 2542 vias
961 2489 1276 2558 steteritque
1315 2489 1543 2542 revulsis
1815 2503 1870 2543 70

177 2561 352 2614 Paene
391 2564 567 2615 tribus
609 2563 845 2633 scopulis
887 2563 1103 2615 caelesti
1140 2563 1388 2615 machina
1426 2561 1611 2614 bello?

182 2634 287 2688 Sed
327 2640 468 2688 caret
509 2641 702 2690 eventu
739 2638 940 2690 nimius
979 2638 1151 2706 furor3
1189 2636 1435 2704 improba
1473 2653 1767 2704 numquam

184 2708 316 2778 Spes
355 2709 555 2762 laetata
596 2711 708 2780 diU,
746 2729 843 2762 nec
881 2729 1167 2779 pervenere
1205 2711 1452 2762 iuventae

178 2782 368 2835 Robur
405 2782 653 2837 Aloidae:
696 2785 821 2836 dum
858 2784 1054 2836 vellere
1093 2783 1284 2835 Pelion
1324 2781 1459 2835 Otus

178 2855 413 2927 Nititur,
453 2858 703 2910 occubuit
741 2857 984 2926 Phoebo,
1023 2857 1362 2925 moriensque
1400 2855 1685 2926 Ephialtes
1811 2870 1866 2911 75

179 2928 244 2981 In
280 2930 423 2983 latus
464 2931 741 3000 obliquam
779 2931 1007 3001 proiecit
1046 2930 1332 3001 languidus
1373 2929 1578 2985 Ossam.
