2044 3220
157 97 383 155 (XXXV.)
407 97 487 140 DE
513 96 716 140 RAPTV
732 95 1157 140 PROSERPINAE
1182 97 1363 141 LIBER
1382 97 1712 143 SECVNDVS.
1748 100 1856 152 279

276 231 382 285 ‘Sis
421 250 626 284 memor
666 249 696 284 o
735 231 1065 302 longumque
1105 233 1235 285 vale.
1298 233 1619 286 Reverentia
1659 235 1830 303 patris

162 305 394 359 Obstitit
434 306 637 358 auxilio
648 349 661 374 ,
698 324 796 357 nee
834 323 933 357 nos
975 306 1253 359 defendere
1295 311 1481 360 eontra
1775 324 1860 363 235

161 379 480 433 Possumus:
520 379 746 449 imperio
786 379 930 431 vinci
968 380 1169 432 maiore
1209 382 1453 434 fatemur.

158 452 228 506 In
264 457 318 507 te
359 455 604 507 coniurat
643 452 856 524 genitor
894 454 1203 522 populoque
1248 456 1428 507 silenti

160 527 432 599 TraderiS,
472 529 598 580 heu!
639 527 858 595 cupidas
897 545 1009 580 non
1048 528 1364 597 adspectura
1407 548 1617 582 sorores

159 601 563 671 Aequalemque
603 601 838 654 chorum.
904 601 1050 664 Quae
1089 605 1142 654 te
1182 603 1401 655 fortuna
1442 605 1687 673 supernis

159 675 407 729 Abstulit
448 680 500 729 et
538 679 692 728 tanto
735 676 1008 728 damnavit
1050 676 1223 728 sidera
1262 677 1449 729 luetu‘?
1773 694 1860 733 240

158 749 276 803 Iam
313 769 486 819 neque
524 749 831 802 Partheniis
871 750 1141 802 innectere
1181 751 1317 802 retia
1356 751 1546 803 lustris

157 823 273 878 Nee
311 825 620 894 pharetram
660 828 871 895 gestare
912 824 1066 877 libet:
1109 843 1327 877 see-urus
1367 825 1568 894 ubique

158 897 384 967 Spumet
424 917 550 968 aper
590 899 840 967 saevique
879 899 1110 951 fremant
1149 899 1368 968 impune
1408 900 1603 952 leones.

157 972 233 1025 Te
272 972 400 1043 iuga
442 973 693 1043 Taygeti,
732 973 914 1041 posito
955 977 1008 1025 te
1048 973 1293 1026 Maenala
1332 974 1539 1026 flebunt

155 1046 372 1099 Venatu
409 1051 724 1115 maestoque
764 1047 856 1099 diu
895 1048 1148 1118 lugebere
1192 1047 1419 1116 Cyntho
1773 1063 1859 1103 245

154 1120 418 1190 Delphica
459 1122 592 1190 quin
631 1121 793 1173 etiam
833 1122 1017 1173 fratris
1059 1122 1280 1174 delubra
1319 1122 1610 1175 tacebunt?

266 1194 478 1248 Interea
516 1196 723 1248 volueri
762 1196 934 1248 fertur
971 1196 1294 1265 Proserpina
1335 1215 1494 1249 eurru

155 1268 459 1322 Caesariem
499 1270 692 1322 diffusa
730 1269 878 1323 Noto
918 1271 1246 1339 planctuque
1285 1271 1514 1324 lacertos

156 1343 424 1396 Verberat
465 1347 516 1396 et
558 1348 780 1412 questus
822 1345 888 1396 ad
925 1345 1113 1396 nubila
1153 1345 1327 1397 tendit
1368 1345 1576 1398 inanes:

271 1417 400 1471 ‘Cui-
436 1436 548 1470 non
586 1418 796 1470 torsisti
835 1419 1086 1471 manibus
1127 1419 1390 1471 fabricata
1434 1419 1730 1488 Cyelopum
1771 1433 1856 1474 250

155 1490 221 1544 ln
258 1511 358 1545 nos
399 1493 529 1562 tela,
567 1493 758 1561 pater?
822 1492 909 1544 Sic
948 1512 1033 1545 me
1074 1494 1378 1545 crudelibus
1419 1494 1625 1546 umbris

155 1566 408 1636 Tradere,
449 1566 525 1618 sie
564 1570 682 1618 toto
722 1567 926 1635 placuit
968 1568 1231 1635 depellere
1269 1567 1507 1620 mundo?

153 1639 390 1694 Nullane
429 1644 483 1693 te
522 1641 692 1693 flectit
730 1641 904 1709 pietas
942 1641 1281 1709 nihilumque
1320 1645 1573 1725 paternae

154 1714 355 1767 Mentis
394 1715 574 1768 inest?
636 1715 838 1767 Tantas
881 1734 986 1783 quo
1029 1716 1251 1768 0111111110
1291 1716 1558 1769 movimus
1598 1716 1743 1768 iras‘?

153 1788 283 1843 Non
322 1808 445 1860 ego,
486 1808 607 1842 eum
646 1789 834 1858 13111ᾶο
877 1790 1105 1842 saeviret
1144 1790 1379 1861 Phlegia
1418 1791 1679 1860 tumultu7
1769 1805 1855 1845 255

153 1862 323 1935 Signa
364 1864 476 1916 deis
518 1864 737 1916 adversa
777 1864 903 1934 tuli·
941 1883 1054 1917 non
1090 1865 1285 1916 robore
1322 1869 1511 1917 nostro

154 1936 292 1990 Ossa
329 1938 650 2007 pruinosum
689 1938 834 1990 vexit
874 1908 1120 2022 g⁷laeialis
1163 1937 1466 2008 Olympum.

156 2011 312 2075 Quod
352 2016 543 2065 conata
582 2012 734 2065 nefas
775 2016 868 2064 aut
909 2013 1060 2065 0111113
1101 2013 1313 2065 00113013
1356 2013 1542 2082 eulpae

151 2086 300 2139 Exul
340 2087 406 2139 ad
443 2087 686 2140 inmanes
725 2087 892 2139 Erebi
932 2087 1185 2139 detrudor
1223 2087 1444 2139 hiatus?

153 2159 199 2213 O
240 2161 545 2214 fortunatas
587 2162 679 2213 alii
719 2180 1082 2229 quascumque
1122 2162 1294 2213 tulere
1768 2177 1854 2218 260

153 2234 443 2304 Raptores!
485 2236 677 2288 saltem
717 2236 988 2288 communi
1029 2236 1141 2288 sole
1181 2236 1448 2288 fruuntur.

154 2308 259 2362 Sed
296 2310 433 2362 mihi
470 2310 759 2381 virginitas
797 2310 1000 2379 pariter
1040 2311 1351 2378 caelumque
1389 2313 1641 2381 negatur,

151 2383 400 2453 Eripitur
440 2403 561 2437 eum
599 2385 717 2437 luee
754 2385 950 2454 pudor,
989 2385 1255 2453 terrisque
1294 2384 1496 2436 relictis

153 2457 425 2511 Servitum
465 2458 656 2530 Stygio
699 2460 864 2511 dueor
903 2459 1113 2528 captiva
1153 2463 1398 2527 tyranno,

152 2531 197 2584 O
238 2533 378 2586 male
417 2533 600 2586 dilecti
639 2534 798 2586 flores
839 2533 1192 2603 despectaque
1232 2533 1421 2585 matris
1768 2548 1853 2588 265

155 2605 414 2660 Consilia!
456 2627 486 2661 0
526 2608 753 2660 Veneris
794 2608 1082 2677 deprensae
1124 2608 1294 2660 serius
1336 2608 1499 2660 artes!

150 2680 349 2749 Mater,
388 2682 464 2734 io!
506 2701 600 2734 seu
638 2686 692 2735 te
730 2683 986 2754 Phrygiis
1025 2683 1083 2735 in
1121 2682 1354 2734 vallibus
1394 2680 1519 2734 Ida-e

151 2754 449 2826 Mygdonio
488 2757 664 2809 buxus
706 2758 1066 2810 circumsonat
1106 2756 1207 2808 1101
1209 2756 1345 2808 rida
1365 2760 1548 2825 eantU‚

152 2828 260 2881 Seu
298 2834 360 2882 tu
400 2831 710 2902 sanguineis
749 2832 1016 2884 ululantia
1056 2831 1326 2914 Dinflyma
1367 2830 1539 2884 Gallis

150 2901 352 2956 Incolis
393 2908 446 2957 et
487 2905 707 2958 strictos
750 2905 1005 2958 Curetum
1045 2905 1268 2974 respicis
1309 2923 1484 2959 enses:
1768 2920 1856 2960 270
