2044 3220
258 117 366 170 310
428 116 756 161 CLAVDIANI
788 116 968 161 CARM.
1002 117 1129 162 MIN.
1161 117 1484 174 APPENDIX,
1517 132 1554 165 c.
1579 119 1886 167 XXI—XXII.

259 252 538 304 Permutat
578 251 826 319 lymphas
865 250 923 303 in
960 250 1084 303 vina
1123 252 1383 320 liquentia
1425 252 1693 324 Chi-istus,
1916 271 1942 310 5

333 324 447 386 Quo
486 325 720 393 primum
759 325 902 377 facto
944 343 999 377 se
1038 325 1232 393 probat
1272 344 1386 378 esse
1427 326 1596 380 deum.

258 398 500 466 Quinque
542 398 757 467 explent
795 417 982 468 paneS‚
1020 399 1192 467 pisces
1233 399 1336 452 duo
1375 399 1525 452 milia
1565 401 1801 470 quinque

333 471 407 523 Et
449 472 576 523 deus
617 490 680 524 ex
719 490 884 540 parvo
928 473 1051 541 plus
1092 491 1366 542 superesse
1404 473 1567 526 iubet.

254 545 449 597 Editus
490 563 553 597 ex
592 549 745 598 utero
787 564 972 598 caecus
1010 564 1149 598 nova
1188 547 1390 599 lumina
1431 547 1594 600 sentit

327 618 400 671 Et
442 622 621 687 stupet
660 619 908 690 ignotum
947 637 1002 672 se
1041 621 1297 672 meruisse
1338 620 1489 673 diem.
1887 637 1942 677 10

251 692 484 744 Lazarus
526 711 551 744 e
591 693 800 746 tumulo
844 693 1057 746 Christo
1099 694 1419 746 inclamante
1459 695 1692 766 resurgit

328 766 401 817 Et
443 766 602 819 durae
642 767 834 820 mortis
874 767 960 819 lex
999 768 1237 820 resoluta
1275 768 1426 836 perit.

251 838 547 892 Nutantem
588 841 763 909 quatit
800 840 941 893 unda
979 840 1222 911 Petrum,
1263 841 1346 893 cui
1388 841 1635 894 Christus
1673 841 1732 895 in
1769 843 1879 896 alto

326 913 399 965 Et
440 913 624 966 dextra
664 933 880 984 gressus
920 915 1098 967 firmat
1139 919 1191 966 et
1232 933 1321 967 ore
1361 915 1533 968 fidem.

250 986 529 1057 Exanguis
573 986 773 1040 Christi
814 988 1078 1058 contingit
1117 988 1314 1040 femina
1353 992 1577 1042 vestem:
1889 1004 1940 1044 15

327 1059 446 1112 Stat
487 1078 643 1112 cruor
680 1061 739 1112 in
776 1061 948 1130 veniS,
987 1062 1049 1113 fit
1088 1062 1348 1114 medicina
1386 1063 1531 1115 fides,

252 1132 438 1185 Iussus
477 1138 601 1201 post
641 1134 842 1186 multos
883 1134 1127 1204 graditur
1165 1135 1493 1204 paralyticus
1529 1155 1701 1190 annos

327 1205 678 1278 (Mirandum)
719 1208 890 1260 lectus
928 1208 1162 1276 portitor
1199 1208 1314 1277 ipse
1355 1210 1450 1262 sui.

1026 1353 1168 1397 XXII.

249 1441 462 1494 Marcus
504 1461 688 1495 amans
727 1461 952 1512 puerum
989 1446 1178 1495 natum
1216 1444 1474 1496 mentitur
1512 1462 1688 1498 amare

323 1516 563 1584 Vultque
602 1520 754 1585 pater
795 1517 898 1569 dici
936 1517 1147 1569 nescius
1188 1535 1303 1570 esse
1340 1521 1495 1586 pater

247 1589 322 1641 Et
361 1590 560 1658 pietate
598 1591 749 1642 nefas
790 1595 842 1643 et
883 1609 1117 1643 amorem
1154 1591 1298 1644 velat
1337 1610 1529 1644 amore.

323 1661 390 1715 Se
428 1663 600 1731 pietas
638 1664 885 1716 umbram
924 1664 1158 1716 criminis
1199 1682 1314 1716 esse
1354 1665 1512 1718 dolet.
1827 1732 1830 1735 ‚

253 1735 432 1788 ‘Nate’
474 1737 583 1789 dies
624 1737 794 1807 audit,
832 1756 941 1790 nox
981 1742 1033 1790 et
1072 1741 1223 1790 torus
1263 1738 1411 1790 audit
1451 1739 1672 1809 eamice’,
1911 1754 1936 1793 5

321 1810 394 1862 Et
433 1829 530 1879 pro
572 1812 904 1879 temporibus
943 1811 1160 1863 nomina
1199 1815 1373 1864 mutat
1414 1813 1476 1865 ei.

248 1882 446 1953 Stulte,
489 1884 616 1952 quid
654 1885 843 1955 ignaro
881 1904 992 1937 non
1032 1885 1159 1937 dicit
1201 1884 1432 1954 Cynthia
1470 1886 1663 1939 fratri?

322 1957 404 2010 Ne
446 1958 626 2010 credas
665 1959 812 2011 nocti
853 1959 1012 2030 digna
1052 1959 1218 2011 latere
1259 1959 1418 2012 diem!

250 2178 351 2242 Qui
391 2182 543 2247 pater
583 2183 686 2249 est,
726 2179 851 2232 huic
891 2179 1035 2231 filius
1076 2183 1169 2232 est.
1232 2178 1283 2232 A
1321 2179 1522 2233 lumine
1558 2181 1732 2250 primo

319 2253 490 2306 Filius
531 2272 561 2306 a
600 2254 852 2306 thalamis
890 2253 1078 2322 incipit
1119 2272 1233 2306 esse
1271 2272 1415 2322 puer.
1881 2270 1934 2310 10

365 2413 472 2457 XXI
505 2419 530 2458 9
573 2413 735 2472 sentit]
769 2414 978 2469 Birtiu8;
1019 2413 1176 2458 sensit.
1299 2414 1428 2457 XXH
1461 2419 1487 2458 5
1527 2414 1677 2472 torus]
1709 2415 1931 2471 Binetus;

247 2473 388 2516 totus.
514 2478 538 2517 9
572 2472 767 2531 lumine]
802 2473 1114 2527 Patissoniu&
1144 2471 1317 2516 limine.
1914 2498 1921 2504 ·
