2044 3220
305 118 487 163 CARM.
520 117 737 163 MINOR.
768 116 899 161 XXV
934 117 1321 174 (EPITHALAM.
1360 117 1676 174 PALLADII).
1742 118 1849 170 229

148 253 452 322 Temperies
494 253 744 321 doctique
786 252 924 304 sales
965 255 1018 304 et
1058 256 1212 323 grata
1254 254 1537 306 senectus?
1796 266 1851 307 65

144 327 250 381 Per
290 331 512 380 cunctos
552 327 617 380 iit
656 327 748 379 ille
788 326 988 397 gradus
1030 327 1289 395 aulaeque
1329 328 1544 379 labores

142 402 412 454 Emensus
453 401 628 454 tenuit
670 418 908 453 summae
947 400 1168 470 fastigia
1210 402 1349 452 sedis

142 476 322 529 Eoum
363 475 548 527 stabili
587 475 896 527 moderatus
935 474 1051 525 iure
1093 478 1353 527 senatum.

139 549 244 601 Hic
285 549 538 618 splendor
576 549 770 602 iuveni.
838 547 1119 600 Cunabula
1158 548 1332 616 prima
1370 550 1580 617 puellae

138 623 422 676 Danuvius
462 627 776 691 veteresque
817 622 986 674 Tomi.
1049 622 1319 674 Mavortia
1358 623 1548 675 matris
1794 637 1850 675 70

136 696 415 750 Nobilitas
457 697 646 766 spoliis
687 696 957 764 armisque
998 697 1205 748 exultat
1247 696 1407 748 avitis

137 770 550 840 Inmensamque
590 771 759 823 trahit
803 770 1032 823 Celerini
1073 771 1267 822 robore
1307 771 1504 841 lucem,

141 844 244 907 Qui
286 846 557 914 quondam
595 845 818 897 Meroen
855 845 1036 896 iussus
1075 844 1373 913 Nilumque
1412 844 1554 897 tueri
1564 888 1577 914 7

141 918 276 971 Cum
317 920 423 971 sibi
460 923 587 988 post
629 919 811 971 obitus
854 922 906 970 et
944 919 1199 971 Parthica
1239 919 1470 971 fulmina
1510 937 1632 970 caro

137 992 360 1062 Sceptra
401 994 551 1046 daret
590 994 744 1045 miles
786 993 1056 1061 rebusque
1095 994 1372 1062 imponere
1412 994 1598 1063 vellet,
1790 1006 1846 1046 75

139 1067 397 1136 Despexit
437 1068 685 1120 fremitus
727 1071 780 1119 et
819 1068 1078 1136 praetulit
1121 1068 1232 1120 otia
1272 1086 1464 1139 regn03

134 1141 365 1210 Respuit
404 1142 702 1213 ingestum,
744 1142 888 1210 quod
926 1142 1003 1211 vi,
1046 1142 1190 1210 quod
1229 1161 1449 1211 poscere
1490 1142 1632 1194 ferro

130 1215 457 1268 Posthabita
496 1217 696 1285 pietate
739 1216 928 1268 solent.
992 1216 1130 1268 Tum
1169 1236 1409 1285 purpura
1447 1216 1683 1285 primum

130 1288 363 1343 Inferior
401 1289 602 1343 virtute
642 1290 747 1342 fuit
787 1290 1092 1358 meruitque
1136 1292 1409 1359 repulsam

132 1362 305 1416 Obvia
343 1365 613 1417 maiestas
676 1364 869 1416 Doluit
907 1363 1152 1416 Fortuna
1190 1365 1454 1417 minorem
1786 1377 1841 1416 80

7 1445 27 1491 ’,
132 1437 199 1490 Se
241 1439 487 1491 confessa
526 1439 658 1491 viro.
722 1438 983 1509 Magnum
1024 1439 1199 1490 delata
1239 1443 1506 1509 potestas,

129 1511 391 1565 Maiorem
433 1516 742 1582 contempta
781 1513 992 1581 probat.

1070 1585 1428 1657 ‘Cognomina
1450 1607 1452 1609 ·
1470 1587 1702 1655 sumpsit

126 1660 296 1713 Plena
338 1660 533 1713 ducum
572 1660 801 1731 genitor.
864 1660 1139 1712 Paulatim
1178 1665 1364 1713 vectus
1406 1661 1472 1712 ad
1512 1661 1683 1714 altum

126 1734 386 1803 Princeps
425 1734 676 1805 militiae,
719 1753 822 1803 qua
862 1753 974 1787 non
1012 1734 1298 1787 inlustrior
1338 1738 1487 1787 extat

125 1807 337 1879 Altera,
376 1807 696 1861 'cunctorum
735 1809 952 1861 tabulas
994 1809 1244 1880 adsignat
1283 1809 1575 1880 honorum7
1781 1823 1837 1863 85

126 1883 423 1936 Rectorum
461 1887 661 1936 tractat
699 1902 955 1935 numeros
966 1927 979 1953 ‚
1021 1883 1347 1954 constringit
1386 1884 1445 1936 in
1482 1903 1651 1937 unum

127 1956 354 2026 Sparsas
393 1957 606 2026 imperii
645 1957 788 2009 vires
831 1975 1136 2026 cuneosque
1176 1962 1418 2011 recenset

125 2031 460 2101 Dispositos:
504 2049 640 2100 quae
682 2030 995 2084 Sarmaticis
1038 2032 1282 2084 custodia
1322 2032 1476 2102 ripis,

130 2104 276 2168 Quae
317 2106 490 2158 saevis
533 2106 743 2157 obiecta
787 2104 960 2174 Getis,
1002 2124 1137 2174 quae
1179 2105 1393 2158 Saxona
1433 2107 1610 2159 frenat

122 2179 228 2232 Vel
268 2179 517 2232 Scottum
556 2180 699 2251 legio
710 2224 723 2250 7
766 2183 997 2248 quantae
1039 2180 1251 2232 cinxere
1293 2180 1542 2233 cohortes
1777 2196 1834 2235 90

124 2252 418 2324 Oceanum,
460 2258 663 2322 quanto
703 2258 929 2323 pacatur
968 2254 1142 2306 milite
1181 2255 1419 2307 Rhenus.

126 2327 288 2381 Casta
329 2328 541 2398 domus,
583 2328 789 2380 sincera
828 2329 984 2399 fides,
1023 2329 1292 2380 industria
1333 2329 1538 2382 sollers

121 2402 308 2474 Elegit
350 2402 602 2473 Stilich03
641 2402 780 2455 nihil
818 2403 964 2454 ultra
1003 2403 1256 2455 laudibus
1298 2403 1420 2455 addi

121 2475 395 2530 Iudiciove
433 2481 629 2546 potest.
694 2477 814 2529 Tali
852 2477 1090 2529 nubente
1128 2478 1310 2546 puella

120 2550 317 2604 Nonne
357 2551 460 2604 tibi
500 2570 707 2603 cessare
746 2552 936 2603 nefas?
999 2552 1119 2603 Duc
1157 2551 1406 2620 protinus
1449 2569 1657 2622 omneS,
1772 2566 1828 2605 95

120 2624 242 2678 Duc
279 2644 393 2697 age.
455 2625 758 2678 Marcentes
799 2626 956 2695 cupio
1000 2645 1254 2695 quassare
1296 2637 1522 2679 coronas

120 2698 196 2751 Et
233 2699 447 2752 vibrare
485 2700 629 2753 faces
670 2704 723 2753 et
761 2704 978 2753 noctem
1019 2701 1208 2752 ducere
1248 2700 1390 2753 ludo,

119 2772 267 2825 Haec
309 2792 522 2842 quoque
560 2794 672 2828 non
710 2775 872 2827 vilem
911 2775 1020 2827 iam
1060 2775 1245 2827 fistula
1287 2775 1591 2828 commodat
1630 2793 1788 2826 usum

118 2847 467 2917 Responsura
508 2849 721 2902 choris⁹

795 2923 903 2975 Vix
943 2924 1074 2976 haec
1113 2923 1480 2994 Hymenaeus3
1522 2927 1578 2976 at
1617 2923 1714 2976 illa
