2044 3220
153 111 314 169 (VIH.)
337 109 639 155 PANEGYR.
661 109 741 153 DE
770 109 1014 164 QVARTO
1043 109 1402 156 CONSVLATV
1426 111 1698 158 HONORII.
1738 112 1846 166 125

154 245 243 299 Sic
280 244 638 314 Amphioniae
677 244 899 313 pulcher
939 246 1130 298 sudore
1171 246 1469 314 palaestrae

152 319 369 372 Alcides
408 319 687 388 pharetras
726 318 1056 387 Dircaeaque
1097 320 1204 372 tela
1247 321 1454 372 solebat

153 393 553 462 Praetemptare
593 393 719 444 feris
761 393 891 444 olim
931 393 1198 445 domitura
1240 393 1498 465 Gigantes

155 467 230 519 Et
269 485 454 536 pacem
494 467 670 518 latura
709 466 859 535 poIO,
900 484 1213 535 semperque
1255 473 1506 521 cruentus
1765 484 1850 524 535

154 539 276 593 Ibat
316 544 369 593 et
407 540 694 593 Alcmenae
734 540 986 608 praedam
1026 541 1290 593 referebat
1331 544 1534 612 ovant13

158 614 445 667 Caeruleus
485 615 582 666 tali
620 618 926 682 prostratus
965 614 1219 683 Apolline
1258 615 1477 683 Python

156 687 430 757 Implicuit
469 688 654 740 fractis
695 689 956 740 moritura
996 689 1270 741 volumina
1311 690 1476 742 SilviS.

270 762 405 815 Cum
444 763 671 814 vectaris
712 781 848 831 equo
891 763 1281 831 simulacraque
1320 763 1516 816 Martia
1556 764 1719 834 ludiS,

160 836 290 899 Quis
330 836 510 889 mollis
552 837 764 888 Sinuare
803 837 984 907 fugas,
1026 838 1145 905 quis
1186 837 1402 890 tendere
1442 841 1662 890 contum
1769 852 1853 892 540

156 910 350 963 Acrior
390 914 482 962 aut
523 911 732 963 subitos
772 912 963 963 melior
1001 912 1213 963 flexisse
1254 913 1538 964 recursus?

155 984 284 1037 Non
321 987 375 1037 te
413 984 772 1055 Massagetae,
811 1004 922 1037 non
960 1004 1092 1056 gens
1133 986 1364 1038 exercita
1405 1004 1592 1054 campo

159 1058 439 1128 Thessala,
477 1077 589 1111 non
625 1060 731 1128 ipsi
769 1063 1024 1127 poterunt
1065 1077 1292 1128 aequare
1332 1060 1681 1129 bimembres3

157 1132 266 1184 Vix
307 1133 528 1185 comites
570 1133 707 1203 alae,
747 1134 837 1185 vix
876 1137 929 1185 te
971 1152 1229 1202 suspensa
1272 1138 1570 1202 sequuntur

157 1206 392 1277 Agmina
432 1207 804 1276 ferventesque
843 1211 1053 1260 tument
1092 1211 1217 1276 post
1256 1212 1409 1279 terga
1449 1208 1718 1260 dracones
1769 1220 1854 1260 545

157 1280 340 1349 thue
379 1281 489 1332 tuis
528 1282 762 1349 primum
803 1283 1016 1350 sonipes
1058 1282 1354 1334 calcaribus
1395 1282 1549 1351 arsit,

157 1353 450 1425 Ignescunt
489 1355 705 1423 patulae
744 1374 899 1407 nares
910 1399 922 1424 ,
960 1374 1071 1408 non
1111 1357 1273 1408 sentit
1312 1357 1539 1408 harenas

157 1428 377 1499 Vngula
417 1428 792 1497 discussaeque
831 1430 988 1482 iubae
1030 1434 1359 1500 sparguntur
1397 1431 1455 1482 in
1494 1447 1693 1497 armos3

160 1502 471 1554 Turbantur
510 1503 783 1572 phalerae,
825 1504 1092 1572 spumosis
1132 1505 1403 1556 morsibus
1445 1523 1635 1556 aurum

159 1575 378 1646 Fumat,
418 1577 729 1629 anhelantes
771 1578 1041 1630 exundant
1084 1579 1343 1649 sanguine
1382 1595 1636 1649 gemmae.
1771 1589 1857 1629 550

159 1649 282 1719 Ipse
321 1650 476 1703 labor
514 1651 799 1720 pulvisque
840 1652 988 1704 decet
1018 1653 1358 1721 confusaque
1396 1656 1549 1705 motu

165 1724 463 1794 Caesaries3
503 1725 669 1777 vestis
709 1726 915 1778 radiato
956 1727 1156 1779 murice
1198 1727 1367 1778 solem

167 1797 463 1868 Combibit,
502 1799 715 1870 ingesto
758 1800 1025 1869 crispatur
1064 1819 1302 1870 purpura
1341 1804 1517 1853 vento,

165 1870 224 1924 Si
264 1872 510 1924 dominus
550 1874 819 1943 legeretur
858 1875 1010 1943 equis
1020 1919 1033 1945 ,
1072 1879 1166 1927 tua
1206 1879 1451 1943 posceret
1490 1874 1635 1928 ultro

163 1945 402 1997 Verbera
440 1945 732 1999 Nereidum
773 1949 1001 2000 Stabulis
1040 1950 1279 2001 nutritus
1318 1948 1492 2002 Arion
1773 1961 1859 2000 555

166 2018 507 2087 Serviretque
546 2020 655 2072 tuis
696 2025 1003 2090 contempto
1047 2022 1268 2074 Castore
1307 2023 1473 2075 frenis

167 2092 415 2161 Cyllarus
456 2097 508 2146 et
548 2094 746 2146 flavum
784 2094 1033 2147 Xanthus
1075 2097 1363 2164 sprevisset
1401 2095 1684 2149 Achillem.

164 2166 288 2235 Ipse
326 2167 428 2219 tibi
467 2167 696 2220 famulas
735 2169 1014 2237 praeberet
1052 2169 1291 2240 Pegasus
1332 2170 1444 2222 alas

164 2241 519 2310 Portaretque
559 2242 732 2295 libens
772 2243 1099 2312 melioraque
1139 2243 1373 2312 pondera
1413 2261 1603 2312 passus

164 2315 644 2384 Bellerophonteas
682 2317 1053 2388 indignaretur
1091 2318 1341 2369 habenas
1776 2330 1862 2371 560

169 2388 312 2451 Quin
349 2390 511 2442 etiam
549 2391 706 2443 velox
744 2390 987 2444 Aurorae
1026 2392 1248 2444 nuntius
1287 2390 1527 2459 Aethon,

169 2461 273 2525 Qui
312 2463 410 2535 fug
412 2467 466 2516 at
506 2464 723 2517 hinnitu
763 2466 947 2518 Stellas
987 2483 1248 2534 roseoque
1290 2465 1537 2517 domatur

168 2536 441 2608 Lucifero,
483 2539 731 2607 quotiens
773 2541 1008 2608 equitem
1047 2545 1100 2593 te
1142 2540 1309 2592 cernit
1349 2539 1416 2591 ab
1458 2538 1641 2609 astriS,

168 2608 378 2663 Invidet
416 2612 578 2681 inque
618 2614 727 2666 tuis
766 2615 972 2667 mavult
1013 2631 1260 2683 spumare
1299 2613 1513 2682 lupatis,

281 2684 440 2737 Nunc
465 2704 678 2755 quoque
704 2706 839 2756 quos
856 2688 1091 2758 habitus,
1118 2690 1348 2756 quantae
1364 2687 1621 2739 miracula
1638 2704 1864 2756 pompae

169 2756 441 2829 VidimuS,
480 2758 723 2814 Ausonio
765 2780 887 2814 cum
924 2763 1032 2815 iam
1074 2762 1376 2814 succinctus
1416 2761 1616 2814 amictu
1778 2775 1863 2815 566

170 2829 275 2883 Per
312 2831 574 2916 Ligurum
612 2836 843 2918 populos
885 2837 1046 2889 solito
1088 2836 1424 2904 conspectior
1461 2835 1566 2887 ires

171 2903 352 2974 Atque
391 2906 532 2960 inter
569 2909 751 2962 niveas
792 2910 898 2963 alte
938 2910 1186 2964 vehar-ere
1227 2909 1498 2980 cohorteS,
