2085 3215
282 145 353 196 98
825 145 1069 190 CLAVDII
1101 145 1251 191 CLAV
1260 146 1430 190 DIANI

283 281 480 332 Vimen
521 284 633 331 erat
674 279 798 331 dum
839 283 1030 350 stagna
1071 281 1239 349 subit3
1277 286 1610 350 processerat
1648 282 1827 335 undis:
1889 296 1974 338 170

286 354 505 406 Gemma
545 353 662 404 fuit.

731 425 920 478 Nudae
959 426 1221 479 Venerem
1262 428 1469 480 cinxere
1511 432 1751 480 catervae

283 500 712 568 plaudentesque
754 500 915 551 simul
953 501 1051 552 tali
1093 519 1211 552 cum
1251 519 1378 552 voce
1419 505 1735 569 sequuntur:

285 574 420 626 ‘Hos
460 573 662 625 Mariae
704 574 902 642 cultus,
940 574 1069 625 haec
1109 593 1328 625 munera
1366 579 1552 626 nostra
1590 593 1869 643 precamur

283 648 520 718 Reginae
561 647 746 717 regina
785 647 938 699 feras
1017 648 1114 698 Dic
1156 647 1288 698 talia
1325 667 1618 716 numquam

282 721 649 775 Promeruisse
689 720 903 772 Thetim
941 739 1038 772 nec
1078 739 1197 772 cum
1238 739 1388 773 soror
1426 720 1756 790 Amphitrite
1888 735 1970 776 175

282 796 486 848 Nostro
526 798 694 862 nupta
733 793 863 845 Iovi.
941 794 1209 845 Devotum
1251 795 1447 846 sentiat
1487 813 1706 864 aequor,

282 870 559 940 Agnoscat
599 868 859 919 famulum
898 868 1051 937 virgo
1095 867 1415 919 Stilichonia
1453 872 1693 936 pontum.

283 943 548 994 Victrices
587 960 686 993 nos
729 959 882 1010 saepe
923 945 1064 992 rates
1107 941 1434 1009 classemque
1473 945 1751 1009 paternam

282 1016 565 1083 VeximUS,
606 1015 808 1066 attritis
850 1033 970 1066 611111
1009 1015 1248 1066 tenderet
1288 1015 1434 1066 ultor
1471 1014 1727 1066 Achivis?

392 1088 505 1140 Iam
544 1089 806 1158 Ligurum
845 1089 1003 1140 terris
1046 1088 1349 1156 spumantia
1387 1093 1604 1156 pectora
1635 1088 1826 1141 Triton
1887 1101 1970 1142 180

281 1162 579 1231 Adpulerat
619 1162 896 1229 lassosque
937 1162 1090 1213 fretis
1131 1162 1438 1213 extenderat
1480 1162 1649 1213 orbes.

283 1236 551 1288 Continuo
594 1235 822 1286 sublime
862 1235 1050 1286 volans
1091 1235 1157 1285 ad
1195 1235 1403 1286 moenia
1446 1234 1616 1286 Gallis

284 1310 535 1378 Condita,
576 1308 805 1378 lanigeri
847 1309 958 1359 suis
1001 1309 1329 1359 ostentantia
1367 1308 1584 1377 pellem,

280 1383 544 1435 Pervenit,
622 1381 872 1433 Adventu
912 1381 1137 1433 Veneris
1177 1382 1390 1450 pulsata
1431 1381 1682 1433 recedunt

279 1456 506 1524 Nubila,
548 1456 845 1507 clarescunt
885 1455 1033 1523 puris
1073 1455 1438 1522 Aquilonibus
1477 1454 1656 1523 Alpes
1887 1469 1968 1509 185

282 1530 545 1581 Laetitiae
588 1547 773 1580 causas
815 1530 1030 1599 ignorat
1072 1529 1243 1580 dicere
1283 1529 1437 1580 miles

277 1604 639 1669 Laetaturque
679 1606 880 1670 tamen,
920 1602 1187 1653 Mavortia
1228 1602 1382 1672 signa
1421 1602 1711 1653 rubescunt

276 1676 530 1728 Floribus
572 1680 623 1726 et
665 1676 861 1726 subitis
902 1675 1208 1726 animantur
1246 1675 1528 1726 frondibus
1568 1675 1766 1726 hastae.

280 1749 381 1801 Illa
424 1768 578 1800 suum
619 1749 777 1800 dictis
819 1748 1030 1799 adfatur
1068 1748 1270 1799 talibus
1311 1766 1522 1818 agmen:

392 1822 726 1890 ‘Gradivum,
764 1821 939 1873 nostri
980 1821 1222 1890 comites,
1263 1825 1435 1872 arcete
1474 1839 1780 1891 parumper,
1884 1837 1966 1876 190

277 1895 353 1947 Vt
396 1896 497 1948 soli
537 1900 687 1946 vacet
728 1896 849 1946 aula
889 1895 1035 1946 mihi.
1113 1894 1309 1946 Procul
1347 1895 1536 1964 igneus
1575 1894 1767 1947 horror

280 1968 602 2037 Thoracum,
643 1969 957 2039 gladiosque
995 1972 1145 2038 tegat
1183 1968 1378 2038 vagina
1417 1968 1664 2019 minaces.

281 2042 434 2095 Stent
475 2042 778 2093 bellatrices
819 2042 1030 2109 aquilae
1072 2042 1318 2109 saevique
1359 2041 1635 2109 dracones3

276 2115 379 2167 Fas
422 2116 492 2167 sit
534 2120 710 2167 castra
751 2116 883 2167 meis
924 2115 1080 2167 hodie
1122 2115 1463 2167 succumbere
1504 2114 1689 2184 signis

278 2189 434 2241 Tibia
474 2207 570 2257 pro
612 2189 761 2240 lituis
803 2193 854 2240 et
894 2207 990 2257 pro
1032 2189 1281 2259 clangore
1320 2189 1572 2240 tubarum
1880 2203 1961 2242 195

275 2262 439 2314 Molle
480 2263 625 2330 lyrae
665 2263 968 2330 festumque
1009 2266 1213 2314 canant.
1290 2261 1593 2329 Epulentur
1633 2261 1698 2312 ad
1736 2262 1880 2330 ipsas

275 2336 569 2404 Excubias3
609 2336 795 2386 mediis
837 2336 1041 2404 spirent
1082 2339 1310 2386 crateres
1348 2335 1406 2386 in
1446 2335 1620 2386 3111113.

275 2410 443 2461 Laxet
483 2409 752 2460 terribiles
792 2409 1044 2460 maiestas
1085 2409 1232 2478 regia
1272 2409 1444 2460 fastus

277 2483 350 2533 Et
391 2483 589 2534 sociam
629 2482 838 2550 plebem
877 2500 987 2533 non
1026 2482 1303 2551 indignata
1341 2484 1580 2548 potestas

277 2555 580 2606 Coni'undat
618 2556 807 2607 turbae
847 2572 1104 2623 proceres.
1184 2553 1471 2605 Solvantui
1509 2553 1732 2605 habenis
1872 2569 1957 2608 200

276 2627 479 2680 Gaudia
518 2647 614 2680 nec
654 2630 798 2699 leges
838 2628 1033 2696 pudeat
1074 2627 1242 2678 ridere
1284 2645 1527 2679 severas

387 2701 486 2752 Tu
527 2702 714 2770 festas,
753 2702 1080 2770 Hymenaee,
1120 2700 1284 2768 faceS,
1323 2703 1406 2769 tu,
1447 2651 1654 2770 Gratia,
1693 2701 1850 2753 flores

271 2774 452 2844 Elige,
491 2779 551 2826 tu
591 2776 852 2844 geminaS,
896 2773 1212 2842 Concordia,
1249 2743 1406 2824 liecte
1441 2791 1677 2826 coronas.

272 2847 409 2915 Vos,
448 2852 678 2915 pennata
720 2849 932 2917 cohorS,
974 2865 1307 2914 quocumque
1345 2847 1615 2898 vocaverit
1653 2864 1805 2916 113113,

271 2920 460 2972 Divisa
499 2926 778 2989 properate
817 2940 1001 2990 mann,
1038 2939 1141 2973 neu
1181 2924 1412 2971 marceat
1450 2920 1561 2972 ulla
1865 2933 1950 2973 205
