2044 3220
119 129 454 177 CARMINVM
486 126 695 172 MINOR.
736 125 1193 182 CORPVSCVLVM,
1229 142 1265 171 c.
1292 119 1665 170 XXX—XXXI..
1705 123 1813 176 247

807 349 972 393 xxxi.
1008 348 1142 405 (XL.)

554 459 883 508 EPISTVLA
922 459 1013 506 AD
1057 459 1388 506 SERENAM.

123 560 336 629 Orphea
379 579 498 613 cum
537 559 738 628 primae
780 558 1045 610 sociarent
1083 557 1303 609 numina
1343 556 1527 609 taedae

198 635 450 703 Ruraque
491 633 780 701 compleret
820 632 1049 683 Thracia
1088 631 1258 682 festus
1298 631 1536 701 Hymen,

129 709 409 761 Certavere
448 709 590 760 ferae
628 707 1032 775 picturataeque
1071 705 1337 775 volucreS‚

200 783 358 835 Dona
397 801 492 834 suo
532 781 643 834 vati
684 799 817 849 quae
857 780 1068 849 potiora
1109 779 1318 848 darent,

124 856 332 925 Quippe
373 856 514 908 antri
552 873 836 924 memoreS‚
877 858 1058 906 cautes
1098 853 1192 905 ubi
1234 871 1389 921 saepe
1429 870 1657 905 sonorae
1794 865 1822 906 5

197 931 562 982 Praebuerant
603 929 745 981 dulci
784 929 919 980 mira
958 928 1171 980 theatra
1209 928 1371 996 lyrae.

125 1004 383 1057 Caucasio
426 1004 679 1072 crystalla
719 1003 898 1055 ferunt
940 1002 1001 1054 de
1040 1002 1238 1054 vertice
1278 1002 1484 1070 lynceS‚

200 1078 407 1147 Grypes
447 1077 787 1147 Hyperborei
825 1076 1062 1146 pondera
1101 1076 1250 1128 fulva
1293 1075 1408 1128 soli.

122 1152 352 1205 Furatae
390 1152 616 1204 Veneris
655 1155 812 1220 prato
852 1170 947 1220 per
984 1151 1142 1202 inane
1185 1150 1462 1202 columbae

197 1226 389 1279 Flore'a
430 1227 644 1279 conexis
686 1230 827 1278 serta
867 1226 1037 1277 tulere
1078 1224 1238 1293 rosiS,
1768 1238 1822 1276 lo

121 1300 420 1369 Fractaque
459 1301 725 1353 nobilium
764 1300 927 1351 ramis
969 1300 1164 1351 electra
1204 1316 1450 1350 sororum

202 1374 416 1443 Cycnus
453 1375 693 1427 oloriferi
732 1374 877 1425 vexit
918 1373 984 1424 ab
1026 1391 1179 1424 amne
1219 1372 1374 1441 Padi,

122 1449 198 1501 Et
236 1448 366 1502 Nilo
405 1448 674 1520 Pygmaea
715 1466 874 1518 grues
914 1451 1038 1515 post
1079 1447 1220 1498 bella
1260 1464 1504 1498 remenso

200 1521 302 1574 Ore
341 1523 529 1593 legunt
567 1522 741 1574 Rubri
781 1522 1021 1592 germina
1063 1539 1194 1572 cara·
1222 1520 1399 1572 maris,

122 1596 288 1649 Venit
327 1599 380 1648 et
420 1600 657 1648 extremo
697 1596 940 1648 Phoenix
979 1595 1273 1665 longaevus
1315 1594 1380 1646 ab
1421 1593 1572 1647 Euro
1770 1606 1823 1646 15

197 1670 507 1739 Adportans
546 1688 684 1722 unco
727 1670 969 1721 cinnama
1009 1687 1130 1720 rara
1169 1668 1314 1737 pede.

121 1744 290 1798 Nulla
330 1745 509 1797 avium
546 1744 915 1813 pecudumque
954 1744 1080 1812 fuit,
1122 1761 1256 1811 quae
1294 1743 1433 1795 ferre
1470 1745 1694 1814 negaret

197 1819 448 1889 Vectigal
485 1819 707 1870 meritae
748 1818 1029 1870 conubiale
1070 1818 1232 1886 lyrae.

122 1967 275 2020 Tunc
316 1967 509 2035 opibus
549 1969 774 2034 totoque
813 1965 1091 2017 Heliconis
1134 1965 1317 2016 sedula
1357 1983 1526 2036 regno

199 2040 441 2094 Ornabat
480 2040 754 2109 propriam
796 2039 1069 2108 Calliopea
1106 2058 1316 2090 nurum.
1769 2053 1827 2092 20

123 2114 306 2185 Ipsam
344 2118 620 2184 praeterea
660 2114 931 2166 dominam
971 2113 1238 2165 stellantis
1281 2111 1499 2181 Olympi

200 2189 286 2241 Ad
322 2189 439 2241 nati
477 2189 746 2241 thalamos
788 2206 917 2240 ausa
956 2205 1146 2259 rogare
1185 2204 1393 2255 parens.

71 2327 74 2330 Ι
123 2263 240 2318 Nec
280 2263 482 2332 sprevit
520 2263 705 2334 regina
746 2262 902 2314 deum
940 2262 1027 2313 vel
1066 2261 1254 2313 matris
1293 2261 1498 2313 honore

200 2337 304 2390 Vel
341 2339 485 2390 iusto
526 2338 666 2389 vatis
706 2337 864 2389 ducta
904 2336 1086 2388 favore
1126 2335 1224 2404 pii,

126 2411 232 2475 Qui
272 2412 376 2464 sibi
416 2411 742 2464 carminibus
781 2411 982 2463 totiens
1020 2411 1345 2462 lustraverat
1385 2427 1506 2461 aras
1767 2422 1828 2462 25

200 2485 424 2539 Iunonis
463 2485 660 2538 blanda
698 2485 920 2537 numina
958 2503 1087 2537 voce
1129 2502 1322 2536 canens

125 2560 444 2629 Proeliaque
485 2560 704 2612 altisoni
743 2560 978 2611 referens
1017 2559 1314 2628 Phlegraea
1353 2557 1558 2627 mariti,

203 2634 457 2686 Titanum
495 2635 695 2686 fractas
735 2633 1098 2701 Enceladique
1138 2633 1324 2684 minas.

126 2707 283 2760 Ilicet
323 2708 555 2761 adventu
591 2712 806 2760 noctem
847 2708 1065 2779 dignata
1104 2707 1342 2777 iugalem

202 2781 424 2835 Addidit
464 2783 720 2853 augendis
760 2801 981 2834 munera
1023 2799 1171 2833 sacra
1212 2780 1346 2832 toris
1356 2824 1369 2849 7
1772 2795 1831 2834 30

128 2856 356 2908 Mimera
394 2857 648 2921 mortales
687 2875 799 2908 non
837 2855 1175 2908 admittentia
1217 2854 1393 2906 cultus
1405 2899 1417 2923 ⁷

204 2930 450 3001 Munera,
490 2949 625 2999 quae
665 2931 810 2983 solos
849 2931 932 2982 fas
971 2930 1224 2981 habuisse
1265 2928 1405 2981 deos,
