2085 3215
152 117 221 168 28
693 110 889 155 CLAVD
897 111 934 153 ΙΙ
969 110 1038 154 CL
1047 110 1298 154 AVDIANI

152 250 576 319 Serpentmnque
615 264 753 317 vago
795 245 1000 297 caelum
1040 245 1241 296 saevire
1280 244 1479 297 volatU.

149 323 346 393 Implet
386 320 719 374 Thessaliam
757 319 885 371 ferri
921 318 1082 388 nitor,
1122 322 1382 386 antraque
1422 318 1566 370 docti

154 396 466 465 Cornipedis
506 399 797 462 teneroque
836 392 1007 444 amnis
1047 395 1290 461 reptatus
1329 391 1532 443 Achilli
1760 408 1844 447 180

151 471 226 523 Et
263 488 452 523 nemus
494 467 751 520 Oetaeum
790 466 977 519 radiat.
1058 465 1301 518 Clamore
1340 465 1535 518 nivalis

153 543 287 596 Ossa
326 546 482 596 tonat
520 543 785 611 pulsoque
823 541 1008 611 fragor
1046 539 1351 610 geminatur
1391 538 1636 608 Olympo.

150 617 416 670 Intumuit
455 616 628 669 virtus
669 619 722 668 et
761 615 898 667 lucis
936 613 1195 684 prodigus
1235 613 1368 665 arsit

150 690 415 761 Impetus3
453 690 599 743 haud
635 689 761 741 illos
801 706 977 757 rupes7
1016 687 1160 738 haud
1199 687 1309 739 alta
1348 690 1592 740 vetarent

149 765 421 818 Flumina:
460 763 746 833 praecipiti
784 761 1101 814 stravissent
1143 761 1320 813 omnia
1360 779 1532 814 cursu.
1763 777 1845 815 185

266 839 323 892 Si
362 842 492 891 tunc
529 838 614 889 his
655 836 848 889 animis
888 835 1028 887 acies
1069 835 1266 887 collata
1303 835 1512 905 fuisset,

150 913 372 966 Prodita
409 931 521 965 non
557 914 738 963 tantas
777 909 1000 962 vidisset
1042 908 1266 961 Graecia
1305 909 1504 979 caedes,

152 986 361 1056 Oppida
402 990 607 1038 semoto
645 983 899 1052 Pelopeia
937 983 1112 1035 Marte
1150 982 1409 1053 vigerent,

152 1060 369 1113 Starent
408 1059 684 1127 Arcadiae,
725 1060 930 1110 starent
968 1056 1382 1109 Lacedaemonis
1422 1075 1592 1127 arces3

150 1135 278 1187 Non
315 1153 461 1186 mare
500 1135 761 1185 fumasset
800 1131 1074 1202 geminum
1111 1131 1375 1201 flagrante
1417 1130 1677 1183 Corintho
1763 1146 1846 1185 190

149 1208 264 1262 Nec
302 1209 415 1260 fera
458 1206 743 1274 Cecropiae
781 1205 1074 1257 traxissent
1112 1205 1327 1256 vincula
1364 1208 1578 1257 matres

149 1282 252 1335 Illa
293 1282 404 1334 dies
442 1280 623 1350 potuit
660 1279 864 1332 nostris
903 1278 1177 1347 imponere
1215 1279 1380 1330 finem

154 1356 409 1409 Cladibus
450 1359 503 1407 et
543 1354 758 1406 sceleris
799 1371 987 1405 causas
1028 1352 1237 1404 auferre
1275 1351 1459 1404 futuri.

150 1430 337 1483 Invida
375 1448 474 1498 pro
516 1431 779 1497 quantum
817 1426 997 1495 rapuit
1035 1425 1277 1478 Fortuna
1315 1425 1675 1494 triumphum!

150 1503 299 1556 Inter
338 1521 504 1572 equos
542 1503 789 1569 interque
828 1501 989 1552 tubas
1028 1500 1281 1552 mandata
1320 1500 1567 1551 feruntur
1764 1515 1846 1555 195

151 1579 321 1649 Regia
363 1581 415 1629 et
455 1576 648 1628 armati
686 1575 910 1627 veniunt
950 1574 1187 1626 ductoris
1229 1573 1295 1625 ad
1333 1592 1502 1626 aures,

266 1650 583 1719 Obstupuit3
623 1649 784 1701 simul
822 1648 902 1700 ira
941 1648 1131 1716 virum,
1172 1647 1333 1699 simul
1373 1647 1554 1699 obruit
1593 1648 1783 1718 ingens

152 1726 365 1778 Maeror
405 1728 457 1776 et
496 1724 692 1794 ignavo
732 1726 946 1774 tantum
984 1721 1200 1773 licuisse
1238 1721 1454 1773 nocenti

152 1800 396 1852 Miratur.
472 1797 683 1850 Dubios
723 1814 917 1864 anceps
959 1794 1224 1847 sententia
1261 1795 1433 1847 volvit

152 1874 418 1926 Eventus:
457 1874 682 1941 peragat
719 1888 930 1940 pugnas
971 1888 1040 1920 an
1077 1869 1241 1920 fortia
1281 1872 1470 1937 coepta
1761 1884 1850 1924 200

154 1947 419 1999 Deserat?
480 1944 714 2013 Illyricis
755 1944 904 1995 ardet
945 1960 1253 1994 succurrere
1293 1942 1522 2012 damnis3

153 2020 461 2089 Praeceptis
503 2019 718 2071 obstare
758 2018 926 2070 timet.
1004 2016 1324 2069 Reverentia
1363 2016 1567 2087 frangit

154 2094 390 2147 Virtutis
432 2093 703 2145 stimulos:
743 2091 869 2143 hinc
907 2091 1125 2159 publica
1166 2090 1444 2142 commoda
1484 2091 1723 2161 suadent,

155 2168 297 2220 Hinc
335 2172 510 2220 metus
549 2166 794 2218 invidiae.
873 2164 1110 2217 Tandem
1148 2164 1461 2234 indignatus
1502 2165 1569 2216 ad
1608 2168 1754 2217 astra

155 2242 390 2295 Extollit
428 2242 636 2310 palmas
676 2244 728 2292 et
768 2239 836 2291 ab
875 2239 984 2291 imo
1023 2242 1239 2307 pectore
1278 2239 1445 2290 fatur:
1765 2254 1850 2293 205

268 2315 524 2368 ‘Numina
562 2313 822 2366 Romanis
860 2312 1086 2365 necdum
1126 2311 1322 2364 satiata
1361 2312 1552 2381 ruinis,

159 2389 215 2441 Si
254 2390 404 2442 iuvat
442 2389 727 2457 imperium
765 2386 981 2455 penitus
1022 2386 1084 2438 de
1125 2385 1292 2454 stirpe
1331 2385 1531 2455 revelli,

156 2463 278 2515 Vno
321 2463 366 2514 si
404 2462 609 2531 placuit
649 2461 813 2513 deleri
852 2461 1064 2512 saecula
1102 2460 1273 2528 lapsu,

159 2536 216 2589 Si
255 2537 403 2607 piget
441 2536 664 2588 humani
702 2534 937 2606 generis:
974 2536 1291 2603 prorumpat
1329 2533 1387 2585 in
1425 2552 1552 2586 arva

157 2610 404 2662 Libertas
445 2611 641 2662 effrena
679 2608 843 2661 maris
882 2608 968 2660 vel
1005 2607 1177 2660 limite
1215 2607 1361 2659 iusto
1766 2621 1852 2660 210

158 2684 360 2735 Devius
400 2687 638 2736 errantes
677 2682 962 2735 Phaethon
1001 2681 1294 2734 confundat
1332 2681 1584 2733 habenas.

162 2756 268 2809 Cur
307 2775 401 2825 per
438 2758 695 2809 Rufinum
733 2756 975 2828 geritur?
1035 2755 1393 2808 Procumbere
1431 2755 1690 2808 mundum

158 2830 278 2882 Hoc
317 2835 533 2883 auctore
570 2831 750 2900 pudet.
827 2829 1019 2881 Mediis
1058 2847 1371 2881 revocamur
1410 2829 1477 2881 ab
1517 2828 1681 2881 armis

162 2903 292 2974 (Pro
335 2903 532 2974 dolorl)
573 2907 626 2956 et
666 2904 884 2956 strictos
926 2903 1187 2971 deponere
1228 2902 1471 2973 cogimur
1510 2920 1677 2957 enses,
