2044 3220
162 118 370 177 (XXIV.)
410 117 489 160 DE
517 115 765 161 CONSVL.
793 115 1167 161 STILICHONIS
1198 117 1379 161 LIBER
1412 117 1688 162 TERTIVS.
1756 118 1861 170 171

161 252 206 306 O
245 252 426 322 palma
464 252 626 304 viridi
666 251 904 323 gaudens
947 256 998 304 et
1040 253 1211 305 amica
1251 253 1488 322 tropaeis
1778 268 1862 307 205

160 327 356 380 Custos
397 327 611 396 imperii
651 326 822 396 virgO,
865 345 1000 394 quae
1042 327 1157 378 sola
1197 327 1426 379 mederis

157 400 492 453 Vulneribus
530 400 847 468 nullumque
889 400 1045 452 doces
1087 401 1285 452 sentire
1326 401 1592 453 laborem:

158 474 266 528 Seu
306 475 412 527 tibi
451 475 706 527 Dictaeae
745 474 1063 543 placuerunt
1105 478 1249 526 astra
1294 474 1534 527 Coronae

157 548 263 602 Seu
302 548 478 620 magis
519 549 725 601 aestivo
768 548 918 600 sedes
958 548 1136 601 vicina
1175 549 1360 618 Leoni,

156 622 262 676 Seu
302 626 573 692 sceptrum
613 623 842 675 sublime
883 621 1029 675 Iovis
1072 641 1165 675 seu
1203 623 1442 674 Palladis
1485 624 1658 675 ambis
1776 638 1862 678 210

153 697 379 768 Aegida,
420 716 513 749 seu
552 697 683 749 fessi
722 697 925 749 mulces
967 697 1200 766 suspiria
1241 697 1456 749 Martis:

152 771 318 824 Adsis
356 774 677 840 perpetuum
715 770 874 824 Latio
914 772 1165 840 votisque
1207 774 1425 823 senatus

154 845 370 916 Adnue,
412 845 554 915 diva,
595 846 690 898 tui.
771 845 1002 899 Stilicho
1043 849 1137 898 tua
1180 846 1394 915 saepius
1437 848 1590 897 ornet

152 920 367 972 Limina
400 922 560 988 teque
601 920 763 972 simul
795 920 1004 973 rediens
1047 920 1104 971 in
1144 924 1319 972 castra
1361 919 1593 971 reducat.

153 993 314 1046 Hunc
353 994 513 1046 bellis
554 995 811 1047 comitare
852 995 1053 1064 1616113,
1093 994 1237 1046 hunc
1277 994 1435 1046 redde
1475 996 1726 1064 togatum
1776 1007 1861 1046 215

156 1067 426 1121 Consiliis,
507 1068 728 1137 Semper
765 1069 993 1138 placidis
1034 1074 1087 1121 te
1127 1068 1370 1120 moribus
1412 1068 1524 1139 egit

153 1141 506 1211 Servavitque
545 1143 692 1211 piam
730 1144 890 1196 victis
929 1162 1027 1195 nec
1066 1143 1266 1212 polluit
1306 1161 1564 1210 umquam

151 1217 391 1288 Laurum
431 1217 667 1270 saevitia.
750 1217 903 1270 Cives
943 1236 1039 1269 nec
1080 1218 1259 1269 fronte
1301 1217 1531 1285 superba

154 1291 398 1360 Despicit
439 1295 531 1343 aut
572 1291 836 1360 trepidam
875 1296 1033 1344 vexat
1073 1291 1382 1362 legionibus
1423 1291 1637 1359 urbem3

155 1364 260 1418 Sed
297 1383 456 1417 verus
494 1366 701 1434 patriae
743 1366 931 1418 consul
972 1365 1306 1418 cessantibus
1348 1364 1510 1416 armis
1777 1378 1863 1417 220

158 1438 458 1492 Contentus
498 1440 689 1492 lictore
728 1441 875 1493 venit
914 1459 1011 1492 nec
1052 1440 1244 1492 inutile
1287 1439 1498 1507 quaerit

152 1513 304 1566 Ferri
342 1513 672 1582 praesidium
713 1516 829 1567 solo
870 1514 1112 1567 munitus
1155 1532 1348 1565 amore.

265 1587 588 1658 Magnarum
626 1607 724 1641 nec
762 1607 956 1657 11616113
999 1607 1163 1657 01111111
1201 1588 1477 1658 geminare
1515 1586 1813 1655 profundas

152 1662 384 1714 Distulit
425 1662 711 1733 impensas,
752 1663 845 1715 sed
883 1666 1008 1732 post
1048 1663 1306 1714 miracula
1348 1661 1541 1714 castris

151 1736 318 1789 Edita
357 1736 444 1789 vel
489 1755 685 1807 genero
726 1737 930 1790 Romae
970 1737 1176 1789 maiora
1217 1740 1468 1788 reservat.
1773 1749 1860 1788 225

152 1810 392 1862 Auratos
431 1810 661 1863 Rhodiis
701 1812 902 1864 imbres
942 1816 1196 1864 nascente
1236 1811 1480 1863 Minerva

153 1883 450 1937 Indulsisse
490 1883 672 1937 Iovem
710 1887 1015 1956 perhibent,
1055 1885 1376 1954 Bacchoque
1415 1888 1702 1953 paternum

153 1957 270 2011 Iam
308 1959 560 2028 pulsante
600 1960 774 2012 femur
812 1964 1054 2012 mutatus
1093 1960 1290 2028 palluit
1328 1959 1563 2011 Hermus

154 2032 220 2085 In
258 2033 507 2103 pretium,
546 2034 767 2101 votique
806 2035 1004 2086 famem
1042 2052 1301 2102 passurus
1335 2033 1481 2085 avari

156 2107 383 2159 Ditabat
423 2107 588 2159 rutilo
632 2107 893 2176 quidquid
931 2108 1076 2160 Mida
1118 2110 1364 2178 tangeret
1406 2125 1536 2158 auro
1769 2120 1856 2160 230

157 2180 389 2252 (Fabula
431 2200 524 2233 seu
563 2200 749 2234 16111111
790 2181 1047 2253 canitur):
1088 2185 1181 2233 tua
1223 2181 1376 2249 copia
1415 2180 1545 2232 vicit

154 2255 384 2308 Fontem
415 2255 604 2308 Hermi
643 2260 955 2325 tactumque
988 2256 1166 2308 Midae
1205 2255 1552 2324 pluviamque
1586 2253 1864 2306 Tonantis,

156 2329 425 2383 Obscurat
464 2334 670 2382 veteres
713 2331 1132 2400 obscurabitque
1171 2330 1385 2382 futuros

155 2405 262 2458 Par
301 2404 456 2457 donis
497 2405 767 2474 armisque
807 2425 1020 2458 manus:
1063 2405 1109 2457 si
1150 2404 1381 2456 solveret
1420 2402 1563 2474 ignis

158 2479 302 2542 Quot
343 2479 488 2532 dedit
527 2479 770 2532 inmanes
811 2480 908 2532 vili
947 2499 1045 2549 pro
1085 2478 1321 2548 pondere
1361 2495 1568 2529 massas
1776 2490 1861 2530 235

155 2552 404 2624 Argenti,
441 2557 665 2622 potuere
704 2555 853 2607 lacus
895 2558 947 2607 et
987 2554 1211 2606 flumina
1250 2551 1416 2604 fundi.

267 2627 384 2680 Nec
421 2628 543 2698 tibi,
583 2647 718 2697 quae
757 2629 962 2698 pariter
1003 2628 1154 2680 silvis
1197 2625 1491 2678 dominaris
1533 2630 1585 2678 et
1626 2626 1803 2696 astriS‚

156 2701 429 2772 Exiguam
469 2701 700 2755 Stilicho
741 2703 928 2773 movit,
966 2701 1212 2770 Latonia,
1252 2718 1455 2752 curam:

160 2775 244 2827 Tu
284 2794 496 2844 quoque
534 2777 812 2829 nobilibus
854 2776 1158 2846 spectacula
1196 2778 1384 2826 nostra
1423 2774 1639 2827 laboras

157 2848 455 2902 Inlustrare
495 2851 624 2903 feris
666 2870 982 2920 summoque
1022 2851 1080 2902 in
1118 2848 1315 2902 vertice
1355 2849 1504 2918 rupis
1779 2862 1863 2902 240

158 2922 390 2992 Alpinae
431 2924 604 2977 socias
645 2945 773 2978 arcu
814 2929 1053 2978 cessante
1094 2923 1315 2993 pudicas
