2044 3220
978 0 1023 20 U

98 73 427 122 CARMINVM
443 72 734 118 MlNoRVM
752 69 1209 127 CORPVSCVLVM,
1228 84 1265 114 c.
1280 67 1640 113 XLVI—XLIX.
1676 68 1785 119 255

738 248 940 292 XLVIII.
974 247 1144 304 (LXX.)

96 363 187 410 DE
236 359 414 410 ZONA
458 359 619 416 EQVI
664 358 851 407 REGII
893 358 1094 405 MISSA
1132 354 1432 404 HONORIO
1472 343 1784 403 AVGVS'TO

758 447 803 494 A
845 446 1122 494 SERENA.

97 548 296 617 Accipe
334 565 497 616 parva
536 549 682 615 tuae⁷
721 545 967 613 princeps
1006 543 1323 611 venerande,
1365 542 1564 594 sororis

171 622 418 691 Munera,
459 638 591 688 quae
630 615 878 671 manibus
917 617 1090 669 texuit
1128 617 1245 685 ipsa
1287 616 1419 685 suis,

95 697 346 764 Dumque
386 712 514 746 auro
554 693 826 762 phalerae,
866 691 1090 762 gemmis
1132 691 1257 742 dum
1296 690 1445 741 frena
1485 689 1727 740 renident
1738 732 1751 757 7

170 769 289 822 Hae
325 772 538 821 uterum
576 786 709 819 zona
750 767 901 836 cinge
941 765 1217 817 frementis
1258 763 1402 832 equi,

98 843 221 896 Sive
259 843 414 895 illum
452 840 722 894 Armeniis
764 841 1012 892 aluerunt
1051 838 1295 909 gramina
1337 837 1536 905 campis

171 917 440 969 Turbidus
478 915 690 985 Argaea
731 933 823 966 seu
860 914 982 965 nive
1021 913 1154 964 lavit
1193 911 1388 980 HalyS‚

97 990 403 1061 Sanguineo
443 990 637 1041 virides
676 1007 860 1040 morsu
898 1005 1109 1039 versare
1151 985 1462 1056 smaragdos

170 1065 245 1116 Et
283 1064 446 1132 Tyrio
488 1063 710 1133 dignum
747 1066 899 1132 terga
939 1061 1129 1112 rubere
1168 1064 1303 1111 toro,

98 1138 142 1191 O
184 1141 445 1206 quantum
483 1137 685 1189 formae
728 1136 831 1188 sibi
872 1135 1114 1187 conscius
1156 1134 1314 1204 erigit
1355 1150 1530 1184 armos

174 1211 392 1282 Spargit
433 1214 484 1263 et
525 1210 761 1262 excussis
803 1210 941 1262 colla
982 1208 1209 1276 superba
1249 1207 1413 1258 iubis!
1735 1219 1790 1256 10

97 1285 358 1357 Augeseit
398 1285 634 1336 brevitas
676 1284 800 1336 doni
838 1284 1038 1352 pietate
1081 1281 1331 1349 Serenae,

176 1359 320 1422 Quae
360 1359 605 1411 volueres
646 1358 807 1410 etiam
845 1356 1105 1409 fratribus
1147 1359 1301 1408 ornat
1342 1371 1524 1422 equos-

751 1518 906 1562 XLIX.
941 1516 1136 1572 (XLVI.)

681 1614 768 1660 DE
813 1611 1211 1660 TORPEDINE.

211 1699 342 1762 Quis
380 1716 491 1751 non
529 1698 846 1750 indomitam
887 1697 1029 1748 dirae
1069 1689 1574 1763 torpedinis'artem

97 1773 286 1827 Audiit
327 1777 379 1825 et
417 1772 609 1824 merito
652 1772 890 1842 signatas
928 1770 1143 1822 nomine
1182 1768 1358 1821 vires?

209 1846 312 1899 Illa
352 1846 565 1914 quidem
602 1846 783 1898 mollis
824 1845 1079 1915 segnique
1120 1843 1316 1895 obnixa
1353 1845 1544 1893 natatu

95 1921 299 1990 Reptat
340 1924 392 1972 et
432 1919 634 1971 attritis
672 1920 763 1970 vix
801 1919 1054 1989 languida
1094 1918 1260 1985 serpit
1298 1915 1527 1968 harenis

101 1995 205 2049 Sed
243 1996 386 2047 latus
427 1993 653 2045 armavit
693 1993 869 2063 gelido
908 1996 1100 2044 natura
1138 2009 1365 2060 venenO,

98 2069 174 2122 Et
212 2069 409 2139 friguS,
450 2086 555 2136 quo
597 2070 787 2119 cuncta
826 2067 1003 2137 rigent
1043 2069 1269 2134 armata,
1307 2063 1556 2115 medullis

98 2143 320 2196 Miscuit
359 2146 412 2194 et
449 2142 694 2210 proprias
733 2141 934 2192 hiemes
973 2158 1068 2208 per
1105 2139 1309 2191 viscera
1349 2138 1514 2189 duxit.

98 2216 366 2270 Naturam
403 2216 552 2268 iuvat
590 2216 708 2284 ipsa
748 2215 884 2266 dolis
925 2217 976 2265 et
1018 2213 1228 2265 conscia
1272 2211 1433 2264 sortis

99 2291 289 2343 Vtitur
324 2290 540 2360 ingenio
580 2290 845 2360 longeque
886 2291 1099 2340 extenta
1139 2305 1234 2355 per
1273 2287 1422 2356 algas

100 2364 328 2417 Attaetu
367 2365 568 2416 confisa
607 2364 766 2415 subit.
829 2361 1111 2414 Inmobilis
1149 2361 1352 2412 haeret:
1736 2371 1789 2410 10

104 2438 206 2501 Qui
243 2438 468 2509 tetigere
506 2438 693 2489 iac-ent.
757 2436 1015 2489 Suecessu
1053 2436 1193 2487 laeta
1231 2433 1464 2504 resurgit

102 2513 176 2565 Et
215 2513 367 2566 vivos
405 2512 622 2580 impune
661 2511 812 2563 ferox
853 2510 1156 2579 depascitur
1196 2513 1358 2560 artus,

216 2585 272 2639 Si
313 2586 524 2654 quando
564 2585 759 2637 vestita
799 2585 932 2637 eibis
971 2584 1238 2636 incautior
1277 2601 1397 2634 aera

22 2695 26 2700 -
103 2660 360 2712 Hauserit
400 2663 457 2712 et
493 2660 668 2711 curvis
706 2659 904 2711 frenari
945 2658 1168 2710 senserit
1207 2657 1404 2726 hamiS‚

103 2734 230 2786 Non
268 2734 409 2804 fugit
449 2737 540 2786 aut
579 2752 715 2786 vano
757 2737 980 2786 conatur
1018 2733 1212 2784 vellere
1250 2749 1456 2801 morsu,
1730 2743 1791 2782 15

227 2883 281 2923 10
315 2878 462 2936 subit]
495 2880 705 2936 Birtz'u83
737 2894 834 2923 suo.
