2044 3220
591 98 792 156 (XXVI.)
835 97 912 142 DE
945 97 1136 142 BELLO
1171 96 1449 142 GOTHICO.
1754 95 1865 147 213

173 235 279 288 Pro
318 235 475 286 Latio
516 234 695 286 docuit
734 233 910 303 gentis
950 233 1251 301 praefectus
1290 230 1518 301 Alanae,
1587 254 1599 268 ·-

177 309 275 362 Cui
311 312 506 360 natu'ra
543 309 731 360 breves
772 306 963 358 animis
1002 306 1313 376 ingentibus
1354 309 1503 357 artus

173 383 430 435 Finxerat
468 381 778 449 inmanique
820 380 1004 432 oculos
1043 380 1299 432 infecerat
1338 380 1442 450 ira3
1779 393 1865 433 585

173 456 505 509 Vulneribus
543 474 668 524 pars
706 454 857 506 nulla
896 457 1050 506 vacat
1090 454 1421 521 rescissaque
1463 453 1636 506 contis

175 530 360 583 Gloria
398 530 598 582 foedati
638 528 881 596 splendet
920 528 1208 580 iactantior
1248 528 1371 579 oris.

172 603 272 656 Ille
311 608 492 656 tamen
528 603 815 655 mandante
854 602 1043 670 procul
1083 600 1381 654 Stilichone
1422 601 1601 653 citatis

171 677 505 730 Acceleravit
545 676 696 745 equis
736 674 1036 744 Italamque
1075 675 1366 727 momordit
1405 675 1673 727 harenam.

171 752 324 804 Felix
362 751 672 820 Elysiisque
711 750 888 821 plagis
929 753 981 802 et
1022 749 1252 802 carmine
1294 749 1511 819 dignus7
1783 762 1868 802 590

173 825 275 888 Qui
315 826 453 878 male
494 827 796 893 suspectam
834 824 992 876 nobis
1032 823 1327 892 impensius
1369 823 1501 874 arsit

170 899 273 951 Vel
312 899 422 952 leto
461 917 692 970 purgare
731 899 912 968 fidem3
954 898 1045 966 qui
1084 898 1255 949 iudice
1295 898 1437 949 ferro

170 973 346 1026 Diluit
385 973 695 1026 inmeritum
734 973 952 1024 laudato
994 972 1253 1042 sanguine
1295 971 1516 1023 crimen!

173 1047 350 1100 Morte
388 1047 491 1099 viri
530 1048 781 1099 turbatus
822 1065 983 1115 eques
1005 1046 1274 1119 'flectebat
1311 1046 1548 1097 habenas

83 1166 92 1171 -
170 1121 413 1190 Totaque
450 1121 692 1190 praeciso
731 1124 1015 1173 nutassent
1056 1121 1271 1191 agmina
1312 1138 1501 1189 cornu7
1781 1133 1867 1173 595

168 1195 243 1249 Ν1
284 1196 422 1247 celer
459 1196 725 1247 instructa
766 1195 993 1248 Stilicho
1034 1195 1245 1266 legione
1288 1198 1501 1246 secutus

173 1269 439 1322 Subsidiis
478 1270 719 1338 peditum
757 1288 996 1340 pugnam
1035 1270 1390 1320 instaurasset
1432 1271 1748 1336 equestrem.

285 1342 415 1406 Quis
454 1343 626 1395 Musis
665 1344 890 1412 ipsoque
930 1344 1056 1395 licet
1095 1343 1558 1410 Paeane-recepto

172 1417 439 1469 Enarrare
481 1421 662 1487 queat,
704 1421 967 1486 quantum
1008 1417 1271 1469 Gradivus
1310 1418 1368 1468 in
1405 1417 1501 1468 illa

172 1492 314 1544 Luce
356 1510 482 1543 suae
524 1492 725 1543 dederit
764 1492 1019 1543 fundator
1060 1491 1284 1561 originis
1323 1490 1482 1542 urbi?
1782 1503 1868 1542 600

170 1565 354 1617 Altius
393 1565 537 1616 haud
575 1584 831 1633 umquam
870 1569 988 1617 toto
1030 1565 1396 1617 descendimus
1437 1582 1559 1616 ense

168 1638 234 1691 In
270 1639 518 1710 iugulum
560 1638 835 1709 Scythiae,
875 1642 1027 1690 tanta
1065 1657 1163 1690 nec
1204 1639 1350 1690 clade
1392 1638 1682 1707 superbum

171 1713 524 1765 Contudimus
565 1713 772 1765 Tanain
810 1713 896 1765 vel
936 1731 1136 1765 cornua
1175 1713 1437 1784 fregimus
1477 1712 1668 1798 Histri.

167 1786 409 1839 Invisum
447 1788 602 1839 miles
644 1788 831 1840 sitiens
870 1788 1086 1839 hauriie
1127 1806 1370 1840 cruorem

165 1862 271 1914 Per
307 1862 484 1913 varias
523 1865 699 1914 vestes
741 1866 1065 1930 oneiataque
1105 1862 1349 1930 plaustra
1387 1862 1608 1914 metallo
1778 1874 1864 1915 605

168 1936 385 1988 Transit
425 1939 478 1988 et
519 1937 729 2007 argenti
770 1937 1012 1988 cumulos
1053 1939 1105 1988 et
1147 1937 1320 1988 caedis
1361 1954 1552 1988 avarus

170 2010 519 2079 Contemptas
557 2011 836 2079 proculcat
878 2029 1027 2080 opes3
1066 2011 1357 2078 pretiosior
1397 2028 1526 2062 auro

169 2084 402 2156 Sanguis
442 2088 579 2155 erat3
618 2085 821 2153 passim
858 2084 1090 2155 neglecti
1129 2085 1355 2155 prodiga
1393 2085 1530 2136 lucri

168 2159 350 2211 Turba
389 2159 572 2211 furens
614 2159 816 2211 strictis
859 2159 1038 2210 odium
1079 2159 1427 2210 mucronibus
1468 2159 1661 2227 explet.

166 2233 474 2302 Purpureos
515 2234 692 2285 cultus
732 2233 1110 2302 absumptique
1149 2233 1273 2303 igne
1311 2233 1558 2285 Valentis
1777 2247 1864 2287 610

166 2307 406 2361 Exuvias
445 2307 761 2376 miserisque
801 2327 991 2378 graves
1033 2311 1265 2359 crateras
1306 2307 1372 2358 ab
1411 2307 1576 2378 Argis

166 2381 449 2450 Raptaque
488 2383 742 2453 flagranti
784 2382 1044 2450 spirantia
1084 2382 1239 2452 signa
1281 2380 1540 2433 Corintho

173 2455 414 2508 Callidus
455 2459 579 2508 ante
618 2457 779 2525 pedes
819 2456 1157 2508 venientibus
1200 2456 1364 2507 obicit
1404 2456 1579 2508 hostis

166 2529 466 2600 Incassum3
504 2548 677 2599 neque
718 2531 859 2583 enim
898 2531 1080 2582 feralis
1118 2530 1314 2598 praeda
1353 2534 1617 2600 moratur,

169 2603 273 2657 Sed
308 2605 484 2657 iustos
522 2605 782 2673 praebent
823 2605 1071 2657 stimulos
1110 2607 1457 2656 monumenta
1497 2604 1711 2657 doloris,
1776 2619 1862 2659 615

277 2678 562 2731 Adseritur
600 2679 743 2731 ferro
785 2679 1055 2748 captivum
1093 2678 1289 2749 vulgus
1299 2722 1312 2748 7
1353 2683 1404 2733 et
1446 2697 1628 2731 omnes

166 2751 425 2805 Diversae
460 2753 608 2805 vocis
646 2754 834 2822 populi
847 2797 860 2822 ⁷
901 2772 1035 2821 quos
1074 2756 1312 2805 traxerat
1350 2753 1524 2805 hostis

169 2825 422 2898 ServitiO‚
460 2828 677 2879 tandem
717 2828 1055 2879 dominorum
1096 2830 1275 2898 strage
1315 2827 1577 2897 redempti

166 2899 374 2953 Blanda
414 2902 706 2954 cruentatis
748 2902 991 2973 adfigunt
1033 2902 1216 2954 oscula
1256 2901 1457 2954 dextris
