2044 3220
198 107 308 160 290
739 102 982 147 CLAVDII
1015 101 1344 147 CLAVDIAM

204 241 525 295 Exanimem
568 238 803 308 Cyanen:
847 237 1023 289 cervix
1062 236 1308 289 redimita
1347 235 1556 287 iacebat

199 317 274 368 Et
316 316 611 386 caligantes
650 312 959 364 marcebant
997 311 1175 363 fronte
1215 327 1454 361 coronae.

199 390 560 460 Adgredimui
600 386 780 438 subito
822 389 874 437 et
915 403 1068 436 casus
1108 384 1362 436 scitamur
1402 382 1556 434 eriles

204 463 370 533 (Nam
409 462 631 531 propior
671 459 808 512 cladi
849 456 1117 541 steterat):
1160 458 1279 525 quis
1318 456 1502 508 vultus
1542 455 1841 524 equorum?

202 537 333 600 Quis
373 537 566 619 regat?
627 533 730 586 Illa
767 533 927 602 nihil,
966 532 1132 584 tacito
1175 531 1267 583 sed
1304 531 1449 582 laesa
1487 548 1691 582 veneno
1806 543 1895 582 250

200 610 443 664 Solvitur
481 610 539 662 in
577 608 812 660 laticem:
855 606 1095 675 subrepit
1137 605 1373 657 crinibus
1411 622 1589 673 umor3

199 685 453 753 Liquitur
490 684 549 735 in
586 699 865 750 roremque
905 681 1064 749 pedes
1106 683 1157 731 et
1196 678 1416 731 biachia
1454 681 1676 730 manant

199 759 511 826 Nostraque
550 774 675 808 mox
715 756 907 808 lambit
945 754 1173 824 vestigia
1213 753 1527 821 perspicuus
1566 753 1702 804 fons,

198 833 495 885 Discedunt
536 831 685 883 aliae.
747 829 970 898 Rapidis
1011 827 1328 879 Acheloides
1370 826 1468 877 alis

201 906 457 959 Sublatae
499 905 664 957 Siculi
704 904 847 955 latus
890 902 1142 954 obsedere
1181 900 1361 952 Pelori
1805 910 1892 951 255

197 979 573 1047 Accensaeque
613 978 755 1029 malo
795 977 903 1028 iam
941 994 1052 1027 non
1089 975 1305 1043 impune
1347 992 1568 1026 canoras

197 1053 263 1106 In
301 1057 507 1122 pestem
546 1055 752 1103 vertere
790 1051 958 1118 lyr:as
997 1067 1102 1101 vox
1141 1049 1338 1100 blanda
1378 1048 1585 1099 carinas

198 1128 447 1198 Adligat:
489 1126 671 1177 audito
711 1125 993 1175 frenantur
1033 1123 1266 1174 carmine
1305 1122 1451 1173 remi.
1499 1184 1502 1186 ‚

201 1201 328 1254 Sola
369 1183 511 1252 domi
551 1200 702 1251 luctu
743 1198 950 1249 3611111111
990 1199 1228 1248 tractura
1268 1195 1576 1263 r'elinquor.
1807 1205 1895 1245 259

310 1274 511 1326 Haeret
553 1273 724 1324 adhuc
766 1289 1025 1339 suspensa
1068 1269 1224 1322 Ceres
1265 1273 1317 1320 et
1359 1269 1571 1339 singula
1611 1267 1826 1319 demens

201 1348 310 1401 Ceu
348 1348 587 1400 nondum
625 1349 899 1398 transacta
937 1345 1116 1412 timet3
1155 1362 1281 1395 mox
1319 1343 1523 1394 lumina
1561 1345 1820 1409 torquens

196 1423 371 1475 Vultu
412 1422 478 1473 ad
518 1421 798 1473 caelicolas
837 1419 1036 1470 furiato
1076 1421 1291 1486 pectore
1331 1417 1515 1468 fertur.

195 1496 414 1548 Arduus
454 1495 708 1563 Hyrcana
749 1493 991 1562 quatitur
1031 1492 1108 1543 510
1147 1494 1317 1543 matre
1356 1490 1648 1559 NiphateS,

201 1570 365 1623 Cuius
405 1568 767 1621 Achaemenio
807 1567 922 1637 regi
961 1565 1194 1617 ludibria
1231 1568 1390 1617 natos

197 1643 432 1696 Advexit
472 1642 854 1694 tremebundus
896 1658 1078 1708 eques:
1119 1639 1299 1690 fremit
1338 1638 1433 1689 illa
1472 1637 1669 1689 marito
1808 1649 1893 1687 265

196 1717 456 1770 Mobilior
495 1716 741 1784 Zephyro
781 1718 1059 1797 totamque
1098 1712 1398 1764 virentibus
1439 1711 1575 1763 iram

195 1791 478 1861 Dispergit
516 1790 741 1841 maculis
780 1788 1112 1855 nimiumque
1150 1787 1386 1837 hausura
1424 1785 1691 1854 profundo

199 1864 301 1917 Ore
341 1865 517 1916 virum
556 1864 756 1915 vitreae
796 1863 1040 1914 tardatur
1079 1860 1314 1930 imagine
1354 1860 1571 1911 formae.

310 1938 471 1990 Haud
511 1938 669 1989 aliter
707 1940 825 1988 toto
866 1934 1110 2006 genetrix
1150 1933 1442 1985 bacchatur
1483 1931 1712 2001 Olympo

197 2012 464 2065 Reddite'
503 2011 819 2064 vociferans
885 2009 1030 2062 Non
1067 2027 1152 2059 me
1191 2026 1361 2078 vagus
1401 2006 1566 2059 edidit
1607 2006 1801 2076 amnis3

195 2086 324 2139 Non
361 2085 640 2154 Dryadum
680 2085 743 2136 de
781 2084 938 2153 plebe
980 2101 1177 2134 sumus.
1241 2082 1456 2133 Turrita
1498 2079 1711 2149 Cybebe
1803 2094 1890 2132 271

196 2160 283 2212 Me
325 2178 537 2228 quoque
579 2159 811 2212 Saturno
853 2157 1052 2229 genuit.
1119 2155 1234 2218 Quo
1275 2156 1392 2207 iura
1433 2155 1674 2224 deorum,

199 2234 313 2296 Quo
355 2235 502 2304 leges
544 2233 775 2285 cecidere
814 2232 963 2300 poli?
1029 2230 1167 2293 Quid
1205 2229 1382 2282 vivere
1421 2232 1564 2281 recte

194 2307 478 2360 Proderit?
539 2307 628 2358 En
667 2307 825 2358 audet
863 2306 982 2358 noti
1024 2304 1287 2373 Cytherea
1324 2303 1548 2372 pudoris

197 2381 480 2433 Ostentare
521 2399 647 2433 31103
686 2383 811 2449 post
848 2379 1072 2431 Lemnia
1110 2378 1323 2430 vincula
1361 2377 1559 2429 vultus,
1804 2389 1890 2428 275

194 2454 312 2507 Hos
354 2455 562 2506 animos
601 2455 777 2506 bonus
817 2453 909 2505 ille
951 2471 1112 2521 sopor
1152 2455 1463 2519 castumque
1505 2450 1679 2502 cubile

193 2528 489 2580 Praebuit?
530 2529 806 2596 amplexus
845 2527 948 2579 hoc
986 2543 1326 2596 promeruere
1356 2524 1583 2593 pudici?

193 2601 308 2654 Nec
347 2602 541 2653 mirum
552 2645 565 2670 ⁷
607 2602 652 2653 si
691 2605 847 2670 turpe
886 2601 1026 2652 nihil
1064 2603 1189 2669 post
1229 2599 1361 2651 talia
1401 2597 1559 2649 ducit.

198 2675 339 2737 Quid
376 2693 473 2727 vos
515 2678 757 2743 expertes
798 2674 1063 2726 thalami?
1101 2677 1381 2726 tantumne
1421 2670 1641 2722 relictus

192 2748 539 2819 Virginitatis
578 2749 789 2800 honos?
827 2752 1039 2800 tantum
1078 2750 1286 2799 mutata
1323 2745 1611 2798 voluntas?
1800 2757 1886 2797 280

313 2913 395 2952 271
433 2907 640 2965 Cybebe]
675 2908 852 2964 cybele.
