2085 3215
462 107 577 163 (III.)
611 107 677 150 IN
709 106 990 151 RVFINVM
1021 105 1206 149 LIBER
1237 105 1476 150 PRIMVS.
1752 107 1820 157 15

241 240 393 293 tOtia
433 245 485 293 te
495 285 509 311 ,
547 242 763 311 Rufine‚
803 241 990 294 iuvant
1030 241 1335 308 frustraque
1376 241 1622 292 iuventae
1741 254 1823 294 140

129 314 416 367 Consumis
456 316 642 367 florem
681 316 874 383 patriis
916 315 1182 384 inglorius
1224 315 1403 366 arvis?

126 388 248 440 Heu
285 389 462 440 nescis
505 389 634 457 quid
672 389 784 440 fata
823 389 951 457 tibi,
993 388 1122 456 quid
1163 388 1335 439 sidera
1377 388 1585 458 debent,

128 461 269 524 Quid
306 462 548 514 Fortuna
585 466 762 530 parat:
801 465 919 514 toto
962 461 1303 512 dominabere
1342 462 1557 532 mundO,

128 535 187 588 Si
225 554 410 604 parere
450 536 606 588 velis!
683 535 852 587 Artus
891 554 959 587 ne
1000 553 1188 602 sperne
1230 535 1449 586 seniles!

124 609 373 677 Namque
412 609 548 661 mihi
587 610 827 680 magicae
867 610 1008 661 vires
1050 609 1271 675 aevique
1312 609 1483 660 futuri
1741 623 1824 661 145

125 683 408 735 Praescius
449 683 607 734 ardor
647 683 810 753 inest3
848 683 977 734 novi
1019 701 1124 750 quo
1166 682 1424 733 Thessala
1464 686 1624 734 cantu

127 756 344 825 Eripiat
383 757 569 808 lunare
609 757 787 826 iubar,
828 757 958 824 quid
998 757 1153 826 signa
1193 756 1401 826 sagacis

125 829 365 901 Aegypti
403 831 639 900 valeant,
680 849 785 899 qua
825 849 956 901 gens
999 829 1265 881 Chaldaea
1304 830 1510 881 vocatis

125 903 358 972 Imperet
399 908 512 957 arte
554 905 688 975 deis,
727 923 825 956 nec
863 922 947 956 me
987 904 1192 955 latuere
1232 904 1459 955 fluentes

126 977 432 1030 Arboribus
474 979 589 1030 suci
628 979 1070 1046 funestarumque
1108 981 1350 1045 potestas
1741 992 1825 1030 150

125 1051 452 1121 Herbarum,
494 1052 757 1120 quidquid
794 1052 945 1104 letali
985 1051 1227 1122 gramine
1266 1050 1476 1118 pollens

129 1125 398 1178 Caucasus
439 1129 491 1177 et
532 1125 814 1194 Scythicae
854 1128 1079 1178 vernant
1119 1125 1176 1176 in
1215 1124 1499 1195 ssgramina
1538 1143 1713 1194 rupes,

128 1199 270 1262 Quas
309 1200 444 1270 legit
483 1199 670 1252 Medea
709 1200 861 1252 ferox
901 1203 953 1251 et
994 1199 1187 1251 callida
1229 1198 1393 1250 Circe.

127 1272 353 1341 Saepius
392 1274 688 1326 horrendos
728 1292 910 1326 manes
953 1273 1224 1340 sacrisque
1264 1272 1419 1324 litavi

125 1346 424 1400 Nocturnis
463 1347 706 1400 Hecaten
745 1351 797 1399 et
838 1347 1052 1399 condita
1091 1346 1279 1398 funera
1318 1346 1461 1397 traxi
1742 1359 1824 1399 155

131 1420 475 1473 Carminibus
514 1422 723 1473 victura
763 1421 913 1490 meis,
952 1420 1259 1488 multosque
1301 1420 1552 1490 canendO‚

129 1493 385 1557 Quamvis
425 1495 715 1547 Parcarum
755 1498 1020 1546 restarent
1059 1494 1173 1563 fila7
1212 1494 1428 1561 peremi.

126 1567 210 1620 Ire
249 1587 414 1639 vagas
456 1587 682 1637 quercus
724 1573 775 1620 et
814 1569 1020 1619 fulmen
1059 1571 1200 1619 stare
1242 1567 1394 1637 coegi

126 1642 404 1711 Vei-saque
442 1661 554 1694 non
591 1661 762 1711 prono
805 1641 1021 1694 curvavi
1060 1641 1284 1692 fiumina
1323 1642 1480 1709 lapsu

126 1715 192 1768 In
230 1717 407 1768 fontes
447 1716 685 1769 reditura
726 1735 866 1768 suos
943 1714 1027 1768 Ne
1065 1734 1203 1767 vana
1242 1716 1483 1766 locutum
1741 1730 1825 1769 160

127 1789 215 1841 Μ6
254 1790 484 1842 fortasse
523 1794 695 1860 puteS,
735 1792 973 1842 mutatos
1014 1807 1167 1841 cerne
1205 1789 1460 1857 penates'.

127 1863 377 1933 Dixerat,
417 1868 468 1915 et
507 1865 693 1916 niveae
735 1861 1000 1935 (miruml)
1043 1881 1261 1931 coepere
1303 1863 1580 1914 columnae

128 1937 309 1988 Ditari
349 1938 637 2006 subitoque
676 1938 858 1989 trabes
897 1937 1073 1988 lucere
1112 1937 1347 1988 metallo,

240 2009 532 2062 Inlecebris
573 2012 782 2079 capitur
818 2010 1152 2077 nimiumque
1192 2011 1365 2062 elatus
1405 2028 1564 2062 avaro

128 2084 377 2136 Pascitur
417 2087 648 2152 aspectu.
728 2084 816 2136 Sic
856 2102 949 2135 rex
989 2083 1055 2134 ad
1092 2083 1266 2151 prima
1312 2084 1555 2135 tumebat
1740 2098 1823 2137 165

130 2158 434 2228 Maeonius,
473 2158 698 2226 pulchro
741 2177 861 2209 cum
899 2160 1130 2209 verteret
1172 2157 1352 2208 omnia
1391 2160 1562 2226 tactu3

131 2231 235 2284 Sed
272 2236 561 2301 postquam
600 2232 832 2303 riguisse
873 2231 1033 2299 dapes
1073 2230 1383 2298 fulvamque
1422 2231 1691 2283 revinctos

129 2305 194 2358 In
231 2306 460 2376 glaciem
498 2306 635 2358 Vidit
674 2306 885 2375 laticeS‚
924 2308 1041 2356 tum
1079 2323 1274 2356 munus
1315 2305 1564 2356 acerbum

133 2379 313 2432 Sensit
353 2384 405 2432 et
445 2380 622 2432 inviso
661 2383 850 2432 votum
891 2378 1164 2430 damnavit
1204 2379 1261 2430 in
1301 2397 1445 2430 auro.

128 2453 278 2524 Ergo
319 2455 486 2506 animi
524 2454 699 2506 victus
741 2453 1041 2521 ‘sequimur
1082 2470 1416 2520 quocumque
1456 2452 1690 2523 vocabis,
1741 2467 1825 2506 170

131 2526 236 2580 Seu
274 2531 336 2580 tu
374 2528 457 2580 vir
497 2547 591 2580 seu
628 2529 851 2580 numen’
895 2527 993 2595 ait,
1032 2527 1314 2594 patriaque
1354 2526 1542 2578 relicta

128 2601 274 2654 ans
313 2601 508 2654 Furiae
548 2603 698 2654 iussu
738 2601 991 2653 tendebat
1032 2600 1098 2650 ad
1137 2618 1282 2651 arces

129 2673 525 2744 Instabilesque
566 2676 697 2727 olim
737 2674 1122 2744 Symplegadas
1164 2677 1216 2725 et
1255 2673 1394 2725 freta
1431 2674 1593 2726 remis

130 2747 325 2801 Inclita
365 2749 713 2818 ThessaliciS,
754 2749 894 2801 celsa
935 2767 1039 2816 qua
1077 2747 1392 2816 Bosphorus
1431 2748 1563 2800 urbe

133 2821 387 2892 Splendet
427 2827 478 2875 et
520 2823 764 2892 Odrysiis
804 2821 993 2873 Asiam
1034 2821 1369 2874 discriminat
1409 2822 1531 2874 oris,
1739 2835 1822 2875 175

242 2896 319 2948 Vt
357 2897 582 2968 longum
620 2915 932 2966 permensus
972 2896 1075 2947 iter
1115 2895 1410 2964 ductusque
1449 2895 1688 2966 maligno
