2044 3220
340 645 772 705 OARMINVM
820 646 1197 704 MINORVM
1245 647 1655 707 APPENDIX

147 749 306 808 VEL
366 749 652 808 SPVRIA
701 748 858 806 VEL
918 748 1316 808 SVSPECTA
1371 750 1849 811 CONTINENS.

916 892 950 936 1.
987 891 1070 948 Re.)

793 1002 867 1049 IN
909 1002 1203 1050 SIRENAS.

257 1100 427 1152 Dulce
467 1100 669 1152 malum
707 1100 900 1172 pelago
943 1100 1159 1153 Sirenae
1198 1101 1548 1170 volucresque
1587 1102 1796 1171 puellae

150 1173 424 1243 Scyllaeos
464 1174 605 1226 inter
644 1175 890 1226 fremitus
932 1175 1245 1243 avidamque
1289 1175 1598 1244 Charybdin

146 1247 354 1300 Musica
394 1267 522 1300 saxa
561 1249 715 1300 fretis
753 1249 1095 1301 habitabant:
1138 1250 1312 1301 dulcia
1351 1254 1591 1302 monstra
1603 1295 1615 1319 7

147 1322 354 1374 Blanda
400 1322 600 1391 pericla
647 1323 835 1393 mariS,
882 1326 1056 1375 terror
1097 1342 1309 1392 quoque
1349 1328 1537 1395 gratus
1577 1325 1633 1375 in
1671 1325 1849 1378 undisr

146 1396 357 1448 Delatis
397 1396 524 1449 licet
562 1396 668 1449 huc
706 1397 1039 1449 incumberet
1080 1417 1208 1449 aura
1250 1399 1445 1449 carinis
1821 1414 1836 1423 ·

145 1469 574 1539 Implessentque
616 1471 766 1522 sinus
805 1472 952 1523 venti
993 1471 1055 1523 de
1094 1491 1272 1540 puppe
1311 1473 1565 1542 ferenteS,

147 1544 375 1615 Figebat
414 1563 520 1596 vox
558 1564 665 1596 una
704 1549 888 1597 ratem.
950 1545 1065 1597 Nec
1104 1546 1320 1597 tendere
1361 1550 1565 1598 certum

145 1618 463 1670 Delectabat
502 1618 606 1670 iter
645 1619 871 1688 reditus7
912 1619 1187 1688 otiumque
1227 1620 1504 1690 iuvabat,·

146 1692 261 1745 Nec
302 1692 454 1744 dolor
492 1693 637 1744 ullus
679 1697 813 1745 erat:
853 1696 1083 1745 mortem
1124 1694 1286 1745 dabat
1324 1694 1442 1763 ipsa
1481 1695 1747 1763 voluptas,

898 1854 952 1897 Π.
987 1853 1093 1911 (CI.)

720 1963 892 2011 LAVs
931 1963 1277 2013 HERCVLTS.

259 2062 534 2114 Pieridum
575 2061 842 2131 columen7
883 2062 1033 2114 cuius
1073 2062 1332 2114 Parnasia
1372 2082 1568 2134 magno

146 2136 383 2189 Numine
422 2136 624 2204 templa
659 2139 867 2205 sonant,
905 2136 1137 2205 Phoebe⁷
1176 2155 1380 2206 precor,
1419 2137 1524 2190 huc
1565 2157 1662 2209 age
1702 2139 1847 2191 laeto

149 2211 348 2263 Tecum
388 2213 579 2262 cuncta
620 2209 797 2262 choro,
860 2210 1163 2262 Penetralia
1205 2215 1388 2263 sancta
1429 2230 1674 2264 sororum

147 2285 222 2337 Et
260 2302 401 2336 nova
444 2283 710 2336 Castalios
751 2283 938 2336 latices
977 2303 1072 2352 per
1110 2304 1235 2336 rura
1273 2289 1545 2353 petentem

148 2358 599 2427 Hippocrenaeon
636 2359 896 2410 Victorem
936 2359 1065 2411 siste
1105 2360 1340 2411 refotum

149 2433 330 2485 Mente
361 2432 601 2501 faveque.
664 2432 835 2484 Tuam
865 2451 977 2484 non
1007 2452 1149 2485 nunc
1180 2452 1352 2485 novus
1386 2434 1589 2486 advena
1628 2435 1845 2488 turbam

147 2506 449 2579 Ingredior,
488 2507 780 2574 laurusque
820 2525 1010 2578 gerens
1051 2511 1102 2559 et
1142 2508 1306 2559 florea
1348 2508 1504 2559 sertis

148 2581 413 2650 Tempora
451 2581 631 2632 vincta
670 2581 804 2650 tuis,
846 2581 1126 2633 doctorum
1164 2600 1384 2633 munera
1422 2586 1629 2652 vatum,

149 2655 341 2707 Testor
380 2654 552 2706 adhuc
590 2658 796 2706 veteres
838 2656 1082 2723 quamvis
1124 2655 1373 2707 desuetus
1412 2656 1658 2709 honores,

261 2727 478 2780 Alcides
517 2728 652 2780 mihi
693 2747 905 2781 carmen
944 2730 1067 2798 erit,
1106 2729 1349 2781 Romana
1389 2730 1651 2782 Tonantis
1792 2746 1848 2783 10

298 2859 342 2901 II
375 2865 400 2903 5
442 2858 556 2902 siste
588 2859 814 2918 refotum]
848 2861 1058 2916 Birtius;
1103 2860 1268 2904 sistere
1301 2861 1494 2907 fontem.
1620 2867 1644 2905 6
1687 2861 1848 2906 Mente

148 2918 371 2976 faveque]
405 2920 548 2974 idem;
583 2920 657 2962 Me
690 2920 919 2975 fameque.
