2044 3220
182 131 284 185 106
721 126 964 172 CLAVDII
995 125 1301 171 CLAVDIAN
1305 125 1322 168 1

175 266 452 318 Turiferos
491 264 698 315 Arabes
741 262 936 329 saltuS‚
974 261 1107 312 vada
1149 259 1340 328 Caspia
1378 258 1543 327 Medi,

174 339 415 392 Armenii
454 337 677 405 Phasin,
716 335 905 387 Parthi
944 335 1147 402 liquere
1185 332 1474 400 Niphaten.

287 411 431 474 Quae
478 410 578 462 tibi
618 414 734 461 tum
774 408 964 460 Martis
1005 407 1179 459 rabies
1228 409 1566 474 quantusque
1606 406 1860 474 sequendi

174 486 351 537 Ar-d01
390 485 540 536 erat?
581 488 782 551 quanto
822 481 1125 552 flagrabant
1163 484 1379 548 pectora
1419 483 1545 530 voto

175 558 401 627 Optatas
442 557 622 609 audire
661 556 822 608 tubas
863 555 1139 623 campique
1180 557 1397 606 cruenta
1570 589 1576 594 -
1805 567 1860 607 75

174 632 511 700 Tempestate
551 630 657 682 frui
696 629 1007 696 truncisque
1045 629 1340 698 inmergere
1379 626 1630 694 plantas?

174 705 249 757 Vt
289 706 396 761 160
437 723 595 773 quem
633 703 811 755 fulvae
850 702 1038 754 matris
1080 701 1331 769 spelunea
1370 699 1587 769 tegebat

173 767 445 830 Vberibus
487 778 704 829 solitum
745 776 915 844 pasci,
957 793 1075 827 cum
1116 791 1346 826 crescere
1388 773 1555 824 sensit

171 851 222 903 V
224 871 365 922 ngue
405 852 563 919 pedes
605 855 656 901 et
695 855 849 920 terga
888 848 1030 900 iubis
1070 852 1122 899 et
1163 847 1410 898 dentibus
1451 865 1565 915 ora,

172 924 286 977 Iam
326 930 487 995 negat
526 923 770 975 imbelles
811 922 995 990 epulas
1036 925 1088 972 et
1128 938 1259 988 rupe
1298 920 1483 971 relicta
1803 933 1862 974 80
1958 912 1961 913 ⁷

173 997 402 1051 Gaetulo
443 1016 619 1050 comes
658 997 734 1048 ire
773 996 915 1064 patri
957 994 1290 1061 stabulisque
1329 993 1523 1044 minari

171 1072 280 1124 Aes
282 1077 402 1124 tuat
443 1076 495 1123 et
536 1070 662 1123 celsi
701 1070 830 1121 tabo
872 1069 1083 1120 sordere
1123 1067 1344 1118 iuvenci.

173 1144 272 1197 Ille
311 1150 459 1197 vetat
499 1162 780 1211 rerumque
820 1143 922 1194 tibi
963 1141 1297 1193 commendat
1335 1140 1573 1192 habenas

171 1219 245 1270 Et
287 1237 436 1270 sacro
476 1218 696 1269 meritos
737 1220 892 1268 ornat
933 1215 1227 1267 diademate
1268 1214 1453 1265 crines,

171 1293 450 1360 Tantaque
491 1309 545 1343 se
585 1290 808 1342 rudibus
847 1289 1020 1358 pietas
1062 1287 1295 1340 ostendit
1333 1288 1391 1338 in
1429 1287 1605 1357 annis,
1804 1302 1860 1343 85

174 1365 261 1418 Sic
301 1371 449 1418 aeta-s
490 1365 667 1416 animo
709 1363 890 1431 cessit,
931 1365 1279 1430 quererentur
1317 1365 1379 1412 ut
1419 1379 1602 1413 omnes

173 1438 464 1507 Imperimn
503 1438 605 1490 tibi
647 1456 763 1489 sero
805 1437 1001 1488 datum.

1069 1508 1313 1560 Victoria
1350 1507 1507 1559 velox

171 1585 443 1653 Auspiciis
483 1586 668 1636 effecta
709 1584 832 1636 tuis,
910 1582 1202 1652 Pugnastis
1241 1586 1490 1648 uterque:

173 1659 253 1710 Tu
293 1659 419 1710 fatis
460 1658 672 1729 cremtoi
676 1676 777 1725 que
816 1674 991 1708 manu.
1070 1655 1143 1706 Te
1181 1659 1402 1722 propter
1441 1659 1493 1706 et
1531 1654 1698 1724 Alpes

170 1731 357 1783 Invadi
396 1732 580 1783 faciles
621 1735 777 1782 cauto
815 1748 913 1782 nec
951 1728 1157 1797 profuit
1196 1728 1342 1779 hosti
1804 1744 1860 1782 90

170 1805 396 1857 Munitis
436 1804 672 1856 haesisse
711 1804 865 1855 locis:
908 1820 1028 1870 spes
1067 1801 1229 1852 inrita
1268 1801 1397 1852 valli

176 1878 421 1942 Concidit
461 1884 513 1930 et
555 1877 789 1945 scopulis
827 1879 1118 1945 patueiunt
1157 1875 1391 1926 claustra
1430 1874 1670 1927 revulsis

171 1952 245 2004 Te
283 1957 504 2020 propter
542 1951 733 2021 gelidis
771 1950 973 2018 Aquilo
1015 1949 1077 2000 de
1117 1952 1299 1999 monte
1337 1948 1589 2016 procellis

171 2025 365 2077 Obruit
405 2026 653 2076 adversas
693 2024 832 2075 acies
872 2022 1221 2090 revolutaque
1259 2021 1368 2072 tela

168 2099 347 2150 Vertit
387 2099 443 2150 in
482 2103 726 2150 auctores
767 2102 820 2149 et
859 2096 1073 2148 turbine
1113 2095 1347 2163 reppulit
1385 2095 1583 2147 hastas
1798 2110 1854 2149 95

171 2171 214 2223 O
254 2173 479 2224 nimium
519 2172 708 2223 dilecte
749 2171 867 2239 deo⁷
909 2170 992 2221 cui
1031 2168 1208 2220 fundit
1248 2168 1314 2219 ab
1355 2169 1525 2220 antris

169 2246 371 2297 Aeolus
411 2250 644 2296 armatas
683 2244 907 2311 hiemes,
948 2243 1032 2294 cui
1071 2241 1270 2293 militat
1310 2241 1493 2294 aether

170 2319 243 2370 Et
283 2319 546 2370 coniurati
584 2318 806 2369 veniunt
845 2317 912 2368 ad
951 2316 1171 2368 classica
1209 2315 1369 2366 venti.

173 2392 403 2460 Alpinae
443 2392 669 2443 rubuere
707 2391 880 2458 nives,
920 2394 973 2441 et
1010 2388 1261 2458 Frigidus
1301 2388 1472 2439 amnis

171 2465 396 2516 Mutat-is
436 2465 662 2517 fumavit
702 2464 855 2531 aquis
895 2463 1159 2530 turbaque
1199 2461 1480 2512 cadentum
1775 2475 1857 2515 100

172 2537 371 2601 Staret,
409 2539 464 2590 ni
505 2538 722 2606 rapidus
760 2537 984 2588 iuvisset
1022 2534 1243 2587 flumina
1283 2535 1515 2604 sanguis.

281 2611 353 2662 At
395 2612 540 2663 ferus
578 2611 826 2662 inventor
866 2610 1123 2661 scelerum
1162 2607 1444 2659 traiecerat
1483 2607 1653 2659 altum

171 2683 226 2735 N
229 2703 298 2735 011
338 2703 443 2736 uno
483 2702 734 2736 mucrone
774 2685 941 2751 latus7
981 2681 1280 2749 duplexque
1321 2681 1540 2748 tepebat

169 2757 355 2824 Ensis„
395 2763 447 2808 et
486 2757 704 2809 ultrices
743 2757 800 2808 in
840 2775 896 2808 se
936 2758 1269 2807 converterat
1307 2754 1415 2805 iras

169 2829 403 2881 Tandem
442 2831 583 2881 iusta
623 2848 826 2882 manus,
902 2827 1017 2880 Iam
1055 2827 1304 2879 libertate
1343 2827 1582 2896 reducta,
1771 2833 1884 2880 105'

175 2902 427 2964 Quamvis
468 2904 747 2955 emeritum
784 2906 989 2971 peteret
1027 2905 1219 2952 natura
1258 2900 1453 2952 reverti
