2044 3220
121 128 455 175 CARMINVM
481 128 773 173 MINORVM
799 128 1258 186 CORPVSCVLVM,
1284 142 1321 174 c,
1341 128 1673 172 XXI—XXIII.
1709 130 1819 182 225

234 263 463 316 Emollit
502 263 705 315 rabiem
744 261 968 330 praedae
1008 263 1303 331 mortisque
1348 263 1591 316 facultas

124 337 473 390 Praetereunt
513 336 751 388 subiecta
791 335 958 404 ferae,
998 337 1244 404 torvique
1284 337 1487 406 1601163,

122 410 270 473 Quae
311 411 564 462 stravisse
605 410 800 478 calent,
840 409 1021 460 eadem
1059 414 1332 477 prostrata
1371 411 1681 479 relinquunt

120 483 238 536 Nec
274 484 380 536 nisi
419 483 672 536 bellantis
713 482 947 553 gaudent
988 483 1187 534 cervice
1227 484 1436 536 iuvenci
1755 499 1812 537 30

121 556 406 610 Nobiliore
445 558 598 609 fame.
662 555 842 609 Secuit
879 556 1154 607 nascentia
1194 561 1320 608 vota

122 630 286 683 Livor
326 634 378 682 et
418 631 630 701 ingesto
670 629 909 681 turbavit
950 629 1144 699 gaudia
1184 630 1354 681 luctu:

119 702 347 756 Iamiam
389 703 665 772 suppliciis
704 704 876 755 fessos
916 703 1252 771 humilesque
1293 721 1510 755 serenus

119 777 360 846 Respice.
426 776 564 839 Quid
603 780 754 829 tanta
795 777 1031 847 dignaris
1071 777 1212 829 mole
1252 777 1536 829 clientem?

121 849 186 902 In
223 851 477 903 brevibus
515 869 810 918 numquam
851 868 964 902 sese
1003 851 1199 918 probat
1237 849 1439 902 Aeolus
1479 850 1658 919 undiS,
1759 864 1815 903 35

118 923 236 977 Nec
276 925 418 992 capit
459 928 720 995 angustus
759 924 962 976 Boreae
1004 924 1294 976 certamina
1335 924 1510 976 collis:

119 996 289 1066 Alpes
326 998 419 1050 ille
461 999 659 1067 quatit,
697 998 1012 1066 Rhodopeia
1054 998 1287 1050 culmina
1327 998 1508 1049 lassat.

117 1069 372 1124 Incubuit
409 1090 704 1139 numquam
744 1071 989 1123 caelestis
1028 1073 1244 1123 flamma
1284 1072 1487 1123 salictis

120 1144 237 1198 Nec
274 1146 426 1213 parvi
465 1146 686 1198 frutices
725 1146 861 1197 iram
899 1164 1137 1198 meruere
1178 1145 1460 1197 Tonantis:

120 1217 376 1289 Ingentes
417 1237 670 1289 quercus,
710 1238 941 1271 annosas
981 1219 1233 1271 fulminat
1275 1237 1450 1271 ornos,
1757 1232 1814 1272 40

231 1292 350 1344 Hoc
397 1311 494 1360 pro
537 1293 869 1361 supplicibus
916 1292 1101 1361 1311113,
1147 1303 1244 1360 pro
1292 1292 1480 1344 fronde
1520 1291 1812 1359 Minervae,

120 1365 241 1417 Hoc
282 1384 493 1418 carmen
530 1385 627 1435 pro
669 1370 788 1418 ture
830 1367 1030 1418 damus,
1094 1366 1346 1418 Miserere
1385 1370 1617 1418 tuorum.

119 1438 230 1507 Μ6,
275 1458 486 1509 precor,
532 1440 659 1510 11611,
706 1459 790 1492 1116
829 1440 987 1492 redde
1033 1440 1166 1491 mihi
1206 1439 1567 1510 gravibusque
1606 1439 1814 1492 medere

118 1512 450 1565 Vulneribus
489 1514 762 1582 vitamque
801 1514 925 1565 iube
965 1514 1269 1581 famamque
1308 1513 1517 1565 reverti.

120 1585 268 1648 Quae
305 1605 402 1655 per
441 1591 494 1639 te
537 1588 747 1656 cecidit7
786 1606 881 1655 per
920 1591 973 1638 te
1013 1588 1231 1638 fortuna
1271 1590 1531 1656 resurgat.
1759 1601 1814 1638 45

118 1659 294 1712 Sanus
333 1659 594 1712 Achilleis
633 1661 889 1712 remeavit
928 1660 1196 1729 Telephus
1236 1660 1440 1729 11611113,

122 1733 286 1785 Cuius
325 1734 621 1802 pertulerat
659 1735 800 1786 vires
810 1778 823 1804 ,
863 1738 916 1785 et
958 1735 1125 1786 sensit
1163 1734 1221 1785 in
1259 1752 1367 1786 uno

88 1807 361 1859 'Letalem
399 1808 770 1876 placidamque
808 1827 1048 1878 manum3
1087 1807 1350 1859 medicina
1388 1824 1483 1874 per
1522 1806 1735 1858 hostem

121 1880 388 1952 Contigit,
428 1885 480 1933 et
518 1882 726 1950 pepulit
767 1900 902 1949 quos
941 1882 1140 1933 fecerat
1178 1881 1293 1949 ipse
1335 1880 1560 1932 dolores

234 1954 436 2017 Quodsi
473 1973 571 2007 nec
609 1955 858 2023 precibus
897 1956 1028 2006 fletu
1066 1973 1164 2006 nec
1202 1954 1432 2006 flecteris
1472 1954 1612 2022 ullo⁷
1757 1967 1814 2007 50

119 2028 286 2097 Eripe
327 2029 545 2080 calcatis
584 2047 696 2081 non
733 2047 989 2097 prospera
1031 2028 1245 2099 cingula
1284 2027 1480 2096 Μ11313,

119 2101 285 2170 Eripe
324 2102 596 2172 militiam,
637 2103 887 2154 comitem
924 2120 1008 2154 me
1047 2102 1186 2170 pelle
1227 2101 1411 2152 sodali.

121 2174 338 2227 Scilicet
375 2176 607 2246 insignis
649 2176 710 2227 de
749 2193 981 2244 paupere
1020 2179 1141 2227 vate
1180 2174 1500 2242 triumphus

122 2247 338 2301 Scilicet
378 2250 607 2320 egregiis
649 2250 905 2301 ornabere
945 2250 1118 2301 victor
1158 2249 1364 2316 opimis,

254 2326 308 2374 at
346 2323 406 2374 in
442 2324 668 2375 miseros
709 2327 937 2393 cognata
975 2323 1218 2390 potentia
1259 2322 1421 2389 cives3
1758 2335 1816 2374 55

121 2394 324 2448 Audiat
362 2396 493 2448 haec
533 2415 811 2449 commune
852 2397 1027 2448 solum
1066 2397 1331 2466 longeque
1373 2394 1566 2446 carinis

122 2468 271 2523 Nota
308 2470 542 2540 Pharos,
582 2471 904 2538 flentemque
944 2470 1199 2522 attollens
1240 2468 1453 2539 gurgite
1493 2468 1703 2520 vultum

122 2542 327 2596 Nostra
366 2548 545 2614 gemat
584 2543 745 2597 Nilus
783 2544 1084 2596 numerosis
1124 2544 1312 2594 funera
1351 2542 1497 2610 ripis,

748 2673 910 2718 xxm.
949 2673 1193 2728 (LXXIV.)

254 2767 679 2817 DEPRECATIO
721 2770 796 2816 IN
835 2768 1189 2816 ALETHIVM
1229 2765 1692 2824 QVAESTOREM.

127 2849 216 2903 Sic
253 2870 364 2904 non
401 2851 732 2921 Aethiopum
772 2870 988 2921 campos
1030 2855 1231 2903 aestate
1270 2869 1538 2919 pererrem

199 2924 314 2977 Nec
354 2925 606 2994 Scythico
646 2927 894 2978 brumam
934 2927 1033 2977 sub
1074 2924 1199 2977 Iove
1237 2924 1412 2977 nudus
1453 2943 1633 2995 agam,

218 3026 451 3059 CLAvaizr
477 3027 580 3069 OPP.,
613 3028 669 3060 ed.
694 3028 835 3060 Koch.
1409 3014 1462 3054 15
