2044 3220
120 154 225 207 158
667 150 912 197 CLAVDH
946 150 1283 195 CLAVDIANI

122 291 309 360 Vsque
351 289 550 341 adeone
590 288 724 340 levis
763 286 940 355 pacati
980 286 1155 357 gloria
1194 285 1433 338 Rhenj?’

233 363 362 417 Inde
405 362 693 416 Caledonio
733 362 911 413 velata
949 360 1236 413 Britannia
1273 362 1542 429 monstro,

116 440 282 493 Ferro
321 439 466 507 picta
506 454 693 507 genas7
734 436 884 487 cuius
923 435 1153 505 vestigia
1192 434 1358 486 verrit

122 513 379 566 Caerulus
421 509 723 578 Oceanique
765 513 971 561 aestum
1010 509 1271 561 mentitur
1311 507 1559 559 amictus:

121 588 234 641 ‘Me
277 604 489 655 quoque
529 585 721 637 vicinis
760 587 1072 652 pereuntem
1112 581 1393 653 gentibus'
1432 582 1611 650 inquit
1733 596 1828 636 250

122 661 381 714 ‘Mrmivit
422 659 674 729 Stilicho,
714 661 887 710 totam
929 675 1048 709 cum
1090 656 1308 708 Scottus
1348 655 1623 708 Hivernen

118 736 292 789 Movit
332 738 384 787 et
423 734 622 786 infesto
665 732 934 800 spumavit
974 731 1173 801 remige
1214 730 1429 799 Tethys,

118 810 274 864 Illius
315 810 562 861 effectum
603 807 744 859 curis
754 851 768 877 7
806 824 872 858 ne
913 805 1021 857 tela
1059 805 1305 856 timerem

121 884 381 954 Scottica‚
419 901 485 934 ne
526 881 740 934 Pictum
780 884 1085 948 tremerem7
1123 897 1190 931 ne
1230 879 1389 931 litore
1429 882 1548 930 toto

117 959 488 1027 Prospicerem
529 955 706 1007 dubiis
746 958 1032 1006 venturum
1074 952 1286 1006 Saxona
1325 953 1543 1005 ventis’.
1732 967 1822 1007 255

233 1032 370 1084 Tum
412 1031 572 1099 spicis
613 1034 665 1081 et
707 1029 862 1080 dente
905 1046 1084 1080 comas
1124 1028 1371 1079 inlustris
1413 1027 1615 1079 eburno

117 1107 192 1159 Et
234 1106 404 1158 calido
445 1103 742 1156 rubicunda
783 1103 864 1154 die
906 1102 982 1154 sio
1020 1101 1206 1153 Africa
1246 1102 1413 1153 fatur:

121 1180 442 1250 ‘Sperabam
481 1178 660 1230 nullas
700 1176 901 1228 trabeis
945 1175 1171 1228 Gildone
1211 1178 1488 1244 perempto

116 1255 282 1309 Nasci
321 1271 480 1323 posse
520 1269 713 1304 moras,
775 1250 959 1302 Etiam
997 1268 1141 1301 nunc
1178 1250 1271 1301 ille
1310 1254 1576 1320 repugnat

118 1330 193 1382 Et
232 1332 386 1381 tanto
428 1327 641 1378 dubitat
681 1325 852 1377 fasces
892 1324 1146 1392 praebere
1186 1323 1485 1393 triumph0‚
1731 1339 1818 1379 260

120 1403 221 1467 Qui
260 1402 394 1455 mihi
434 1401 747 1452 Maurorum
785 1399 1001 1468 penitus
1041 1398 1372 1450 lacrimabile
1411 1416 1609 1450 nomen

116 1476 371 1549 Ignorare
413 1475 620 1528 dedit?'

682 1548 815 1600 Post
853 1547 951 1598 has
994 1545 1248 1598 Oenotria
1287 1546 1449 1598 lentis

117 1625 338 1678 Vitibus
378 1624 695 1691 intorquens
735 1621 958 1673 hederas
998 1624 1051 1672 et
1088 1621 1310 1689 palmite
1349 1621 1502 1690 largo

117 1699 259 1752 Vina
298 1699 491 1750 fluens:
534 1696 618 1749 ‘Si
657 1714 754 1748 vos
796 1695 924 1747 adeo
968 1693 1263 1747 Stilichone
1307 1695 1516 1746 curules

115 1773 319 1843 Angeri
359 1771 628 1842 flagratis'
669 1770 744 1822 ait
785 1770 945 1838 ‘quas
986 1768 1101 1820 sola
1139 1769 1320 1819 iuvare
1727 1783 1813 1824 265

116 1848 281 1900 Fama
319 1849 523 1915 potest,
565 1848 767 1913 quanto
807 1862 891 1895 me
934 1842 1148 1913 dignius
1186 1842 1378 1894 incitat
1418 1842 1598 1912 ardor,

116 1922 193 1975 Vt
231 1923 511 1990 praesente
551 1919 699 1971 fruar
741 1917 1288 1985 conscendentemque
1328 1916 1570 1968 tribunal

114 1996 419 2063 Prosequar
459 1997 618 2062 atque
660 1992 785 2044 anni
824 1990 1147 2060 pandentem
1188 1991 1422 2043 claustra
1463 1990 1756 2045 salutem‘P'

228 2069 450 2120 Talibus
491 2068 760 2120 alternant
801 2065 992 2118 studiis
1032 2065 1366 2133 Romamque
1405 2069 1707 2137 precantes,

114 2144 220 2195 Pro
263 2143 491 2212 cunctiS‚
530 2142 841 2210 hortantur,
882 2144 980 2192 eat.
1043 2139 1158 2192 Nec
1199 2140 1416 2210 segnius
1455 2139 1551 2191 illa
1725 2155 1811 2195 270

114 2218 302 2270 Paruit
343 2217 545 2286 officiO‚
585 2216 754 2284 raptis
797 2214 887 2266 sed
926 2214 1175 2282 protinus
1215 2214 1377 2265 armis

116 2291 275 2344 Ocior
315 2309 537 2343 excusso
577 2308 672 2358 per
709 2289 897 2341 nubila
938 2288 1107 2340 sidere
1146 2288 1341 2358 tendit,

115 2365 502 2418 Transvehitur
541 2364 744 2415 Tuscos
783 2362 1243 2430 Appenninusque
1282 2361 1468 2413 volatu

116 2439 426 2509 Stringitur.
489 2438 758 2490 Eridanus
801 2436 956 2504 clipei
995 2437 1103 2488 iam
1143 2435 1385 2504 fulgurat
1424 2435 1636 2505 umbra3

118 2512 376 2565 Constitit
417 2516 539 2564 ante
581 2511 767 2562 ducem
805 2510 995 2561 tetrica
1033 2527 1130 2560 nec
1168 2507 1387 2560 Pallade
1425 2508 1637 2561 Vultum
1721 2523 1807 2563 275

113 2587 362 2639 Deterior
399 2605 497 2638 nec
536 2585 708 2637 Marte
748 2583 937 2635 minor.
1001 2582 1205 2634 Tremit
1245 2582 1372 2633 orbe
1414 2599 1634 2634 corusco

113 2659 227 2712 Iam
268 2660 457 2712 domus
498 2663 551 2712 et
592 2676 827 2711 summae
867 2660 1100 2727 tangunt
1139 2656 1410 2725 laquearia
1451 2656 1666 2728 cristae,

115 2734 251 2787 Tum
289 2734 438 2803 prior
478 2733 770 2786 attonitum
809 2732 978 2802 gratis
1019 2731 1199 2783 adfata
1239 2729 1512 2798 querellis:

227 2807 527 2878 ‘Servatas7
568 2806 818 2876 Stilicho,
857 2824 952 2874 per
990 2809 1067 2875 te,
1105 2803 1425 2874 venerande,
1465 2805 1697 2876 curuleS,
1780 2842 1783 2844 Α

115 2880 344 2934 Ornatas
383 2882 610 2933 necdum
648 2881 835 2933 fateor.
901 2879 1039 2942 Quid
1076 2878 1283 2947 profuit
1323 2878 1447 2930 anni
1718 2893 1803 2932 280

114 2954 371 3008 Servilem
410 2955 679 3024 pepulisse
718 2954 940 3008 notam?
1002 2952 1257 3005 Defendis
1296 2952 1580 3021 honorem,
