2085 3215
233 147 298 199 78
779 146 1023 191 CLAVDII
1056 147 1384 192 CLAVDIANI

227 283 359 334 Fixa
399 286 545 334 metu
584 284 777 335 tacitas
815 287 1124 351 presserunt
1165 284 1315 354 orgia
1354 284 1540 335 buxos,

225 355 463 408 Indoluit
502 358 767 427 genetrix,
806 361 922 409 tum
962 357 1038 409 sic
1078 361 1343 409 commota
1381 357 1647 425 profatur:

340 430 477 482 eHoc
515 430 648 482 mihi
686 431 793 482 iam
830 431 1035 499 pridem
1065 431 1318 483 Lachesis
1358 431 1658 501 grandaeva
1691 431 1917 483 canebat

224 504 548 574 Augurium:
586 504 855 575 Phrygiae
895 523 1048 557 casus
1086 506 1294 557 venisse
1335 523 1610 573 supremos

223 577 490 645 Delapsus
529 582 761 630 testatur
801 598 946 647 apex.
1023 579 1146 631 Heu
1187 580 1445 649 sanguine
1487 578 1660 646 qualis
1828 593 1913 632 290

222 650 332 703 Ibit
373 651 664 723 Sangarius
706 657 1038 721 quantasque
1080 653 1333 705 cadavera
1371 652 1505 704 lenti

222 724 496 778 Maeandri
533 745 757 794 passura
795 730 996 779 moras!
1072 725 1355 778 Inmobilis
1395 727 1577 778 haeret

222 798 524 869 Terminus⁷
563 800 693 852 haec
733 801 930 852 dudum
967 804 1096 852 nato
1135 801 1380 868 placuere
1420 800 1665 852 Tonanti.

219 872 325 924 Par
365 878 417 925 et
457 874 701 926 finitimis
740 875 940 943 luctUS,
980 875 1285 942 frustraque
1324 874 1489 942 Lyaei

219 945 347 999 Non
387 947 697 1000 defensuros
736 949 991 1016 implorat
1029 949 1199 1017 Lydia
1238 949 1471 1017 thyrsos
1824 961 1913 1001 295

218 1019 438 1089 Iamque
477 1022 595 1073 vale
634 1022 902 1092 Phrygiae
941 1023 1103 1074 tellus
1142 1023 1485 1090 perituraque
1524 1020 1754 1073 flammis
1847 1051 1851 1056 ‹

219 1093 455 1163 Moenia,
496 1097 809 1164 conspicuas
851 1115 985 1164 quae
1022 1115 1165 1148 nunc
1205 1093 1457 1148 attollitis
1497 1113 1665 1164 arces7

216 1166 345 1220 Mox
386 1171 558 1237 campi
594 1170 902 1238 nudumque
944 1171 1139 1222 solum!
1180 1170 1371 1222 dilecta
1409 1165 1582 1222 valete

215 1240 485 1294 Flumina!
562 1242 689 1295 Non
727 1244 921 1295 vestris
959 1245 1103 1296 ultra
1142 1244 1445 1296 bacchabor
1482 1244 1540 1295 in
1579 1243 1748 1294 antris

215 1314 330 1368 Nec
368 1317 496 1387 iuga
536 1318 767 1369 sulcabit
806 1322 991 1370 noster
1029 1318 1385 1386 Berecynthia
1425 1317 1645 1369 currus'.
1821 1331 1910 1370 300

214 1389 367 1441 Dixit
408 1395 460 1442 et
501 1391 567 1442 ad
605 1392 788 1443 tristes
829 1393 1093 1444 convertit
1132 1396 1389 1461 tympana
1426 1392 1689 1460 planctus,

212 1463 507 1516 Labentem
545 1466 776 1533 patriam
817 1467 981 1518 sacris
1019 1465 1507 1518 ululatibusAttis

212 1536 475 1590 Personat
516 1544 568 1590 et
607 1540 748 1591 torvi
789 1540 1022 1592 lacrimis
1061 1540 1309 1592 maduere
1353 1540 1548 1592 leones.

324 1611 645 1682 Eutropius7
683 1618 914 1682 nequeat
956 1615 1198 1682 quamvis
1238 1614 1521 1666 metuenda
1561 1613 1726 1664 taceri

216 1684 403 1737 Clades
445 1691 497 1738 et
536 1687 776 1755 trepidus
815 1688 1116 1758 vulgaverit
1157 1688 1335 1739 omnia
1374 1705 1577 1755 rumor,
1818 1701 1905 1740 305

213 1757 469 1829 Ignorare
508 1764 689 1812 tamen
728 1761 887 1832 fingit
926 1762 1183 1832 regnique
1222 1762 1404 1813 ruinas

210 1832 552 1885 Dissimulat:
591 1853 810 1902 parvam
850 1835 1122 1887 latronum
1162 1853 1334 1887 errare
1376 1839 1663 1903 catervam,

208 1905 295 1958 Ad
335 1912 516 1960 sontes
555 1912 823 1960 tormenta
862 1910 1034 1980 magis
1076 1927 1236 1977 quam
1274 1909 1382 1961 tela
1419 1909 1615 1977 parari

208 1979 322 2032 Nec
362 1981 491 2034 duce
531 1982 852 2053 frangendas
891 1984 1078 2052 iactat,
1120 1983 1211 2035 sed
1249 1983 1421 2035 iudice
1460 1982 1620 2034 vires:

207 2053 377 2106 Vasta
416 2055 563 2107 velut
601 2056 803 2125 Libyae
842 2061 1132 2109 venantum
1170 2057 1393 2109 vocibus
1434 2056 1543 2108 ales
1813 2071 1902 2111 310

210 2127 342 2180 Cum
380 2130 641 2197 premitur
682 2131 878 2182 calidas
920 2150 1077 2183 cursu
1117 2132 1440 2183 transmittit
1478 2130 1704 2182 harenas

205 2201 372 2270 Inque
413 2204 629 2256 modum
670 2205 774 2256 veli
815 2206 1041 2257 sinuatis
1081 2206 1295 2257 fiamine
1333 2205 1524 2274 pennis

204 2276 583 2329 pulverulenta
622 2279 792 2347 volat3
833 2280 878 2330 si
916 2280 1024 2331 iam
1061 2280 1291 2349 vestigia
1328 2283 1472 2332 retro

207 2349 361 2401 Clara
403 2355 615 2420 sonent,
654 2352 825 2404 oblita
865 2353 1024 2423 fugae
1065 2357 1173 2404 stat
1212 2354 1413 2405 lumine
1453 2352 1633 2404 clauso

205 2422 574 2495 (Ridendum2)
614 2426 859 2478 revoluta
899 2431 1058 2495 caput
1099 2427 1369 2495 creditque
1409 2427 1596 2494 latere,
1809 2438 1895 2478 315

205 2496 371 2558 Quem
409 2517 520 2551 non
558 2500 675 2568 ipsa
713 2500 871 2552 videt.
948 2500 1160 2552 Furtim
1199 2504 1379 2552 tamen
1418 2500 1580 2551 ardua
1622 2499 1792 2551 mittit

204 2569 337 2623 Cum
378 2572 530 2624 donis
569 2574 834 2642 promissa
872 2575 1048 2643 novis,
1090 2575 1135 2626 si
1175 2574 1314 2626 forte
1353 2577 1575 2644 rogatus

200 2643 438 2697 Desinat.
514 2645 613 2699 Ille
656 2648 819 2699 semel
855 2652 986 2700 nota
1026 2648 1301 2700 dulcedine
1339 2647 1563 2716 praedae

201 2717 267 2770 Se
307 2718 508 2771 famulo
550 2722 745 2773 servire
783 2726 968 2792 negat,
1006 2740 1104 2774 nec
1143 2725 1298 2792 grata
1336 2722 1622 2772 timentum

200 2791 443 2861 Munera3
482 2795 742 2847 militiam.
769 2796 975 2847 nullam
1013 2814 1111 2847 nec
1148 2796 1320 2863 prima
1361 2794 1621 2862 superbus
1802 2809 1891 2847 320

202 2865 429 2935 Cingula
469 2867 698 2938 dignari3
735 2887 861 2920 nam
902 2869 1021 2937 quis
1059 2887 1169 2921 non
1209 2869 1425 2920 consule
1464 2867 1561 2919 tali

196 2938 338 2990 Vilis
376 2939 586 2992 honos?

2070 2918 2085 3110 mia-mnan:
2077 2903 2083 2907 =
2077 2889 2083 2893 r
2069 2854 2085 2867 nl
