2044 3220
541 119 744 178 (XXVI.)
781 118 860 162 DE
892 119 1086 164 BELLo
1122 119 1400 166 GOTHICO.
1706 122 1815 175 209

125 254 200 306 Et
238 254 483 306 iuvenem
522 257 731 323 spretae
769 253 1031 306 laniatum
1070 255 1256 308 fraude
1294 273 1551 309 novercae
1728 271 1816 311 440

126 327 254 381 Non
292 328 405 380 sine
447 328 676 380 Circaeis
714 327 941 379 Latonia
980 328 1209 381 reddidit
1249 329 1444 383 herbis,

129 400 414 472 Cretaque,
455 402 500 454 si
538 420 700 454 verax
738 404 989 452 narratur
1029 402 1233 472 fabula,
1272 403 1406 456 vidit

123 475 369 528 Minoum
407 480 567 545 rupto
606 493 831 544 puerum
868 475 1082 543 prodire
1123 477 1430 547 sepulchro,

126 548 296 611 Quem
336 550 514 602 senior
551 553 700 602 vates
741 548 918 600 avium
959 549 1209 620 clangore
1248 555 1520 618 repertum

126 622 379 676 Gramine
417 623 676 693 restituit3
715 623 880 674 mirae
919 641 1044 675 nam
1083 641 1300 675 munere
1342 626 1504 676 sortis
1729 639 1816 679 445

124 696 318 750 Dulcia
356 698 516 750 mella
554 715 737 749 necem
750 740 770 766 7.
801 696 969 749 vitam
1009 697 1152 749 dedit
1191 697 1441 750 horridus
1482 699 1689 769 anguis,

125 770 202 822 At
240 774 366 824 tuus
408 772 666 824 adventus
704 788 815 823 non
853 789 1020 823 unum
1060 789 1253 840 corpus
1294 772 1360 824 ab
1402 773 1634 843 umbriS‚

126 843 232 896 Sed
269 849 354 898 tot
394 845 661 898 communi
698 845 929 914 populos
971 845 1070 897 sub
1110 849 1283 898 morte
1321 845 1554 899 iacentes

125 918 369 988 Totaque
408 919 677 972 Tartareis
718 938 744 972 e
783 919 1031 971 faucibus
1073 920 1267 988 oppida
1306 920 1485 973 traxit.

237 992 364 1063 Ipso
403 994 576 1046 Roma
616 994 699 1046 die
740 992 859 1065 (nec
899 993 1071 1045 adhuc
1112 994 1414 1047 ostenditur
1452 994 1663 1066 auctor)
1734 1009 1821 1049 450

125 1068 414 1121 Personuit
453 1068 661 1120 venisse
702 1068 910 1138 ducem,
949 1067 1211 1136 laetisque
1253 1067 1486 1131 Quirites

125 1142 368 1203 Vocibus
407 1143 706 1211 auspicium
746 1142 877 1194 certi
914 1142 1159 1210 plausere
1199 1142 1480 1213 triumphi,

129 1215 328 1269 Muniti
368 1215 663 1269 Stilichone
706 1235 817 1269 suo.
883 1215 1013 1278 Quis
1053 1216 1248 1286 gaudia
1287 1235 1413 1269 vero

128 1289 394 1358 Principis
404 1334 418 1360 ,
457 1291 734 1358 amplexus
775 1290 966 1342 alacris
1008 1290 1127 1358 quis
1169 1290 1395 1343 disserat
1435 1291 1625 1343 aulae?

128 1363 373 1416 Pulveris
413 1364 721 1435 ambiguam
759 1364 957 1416 nubem
998 1365 1336 1432 speculamur
1375 1365 1442 1417 ab
1484 1365 1608 1417 altis
1735 1380 1824 1419 455

128 1438 392 1490 Turribus
430 1438 642 1508 incerti⁷
683 1438 856 1491 socios
897 1438 1144 1506 adportet
1184 1457 1252 1490 an
1290 1439 1474 1491 hostes

128 1510 228 1564 Ille
267 1512 477 1582 globus
539 1512 776 1564 Mentem
816 1530 1074 1580 suspensa
1115 1512 1330 1564 silentia
1368 1513 1592 1565 librant:

127 1586 313 1638 Donec
350 1586 602 1653 pulvereo
644 1587 743 1637 sub
783 1586 1001 1638 turbine
1042 1585 1230 1637 sideris
1270 1586 1443 1655 instar

126 1659 366 1712 Emicuit
407 1658 722 1712 Stilichonis
763 1678 898 1728 apex
936 1662 990 1711 et
1030 1660 1246 1730 cognita
1288 1661 1442 1712 fulsit

131 1732 381 1786 Canities.
446 1733 642 1786 Gavisa
680 1752 871 1803 repens
910 1752 1006 1803 per
1043 1733 1254 1786 moenia
1296 1736 1497 1787 clamor
1739 1750 1825 1790 460

130 1807 366 1860 Tollitur
405 1807 538 1876 ‘ipse
577 1808 758 1861 venit’.
819 1808 1014 1861 Portas
1056 1826 1240 1860 secura
1278 1827 1374 1877 per
1416 1828 1599 1862 omnes

129 1881 313 1934 Turba
354 1877 602 1934 salutatis
643 1883 934 1935 effunditur
973 1883 1131 1934 obvia
1173 1883 1357 1953 signis,

129 1955 260 2008 Non
296 1956 405 2008 iam
445 1956 670 2009 dilectus
709 1957 892 2009 miseri
928 1975 1027 2009 nec
1066 1957 1202 2009 falce
1240 1975 1337 2025 per
1376 1976 1536 2028 agros

131 2030 393 2098 Deposita
432 2030 667 2083 iaculum
705 2031 924 2083 vibrans
964 2031 1204 2101 ignobile
1243 2049 1450 2083 messor

131 2104 246 2157 Nec
284 2108 555 2173 temptans
595 2105 824 2173 clipeum
863 2105 1116 2174 proiectis
1158 2123 1365 2157 sumere
1404 2106 1595 2158 rastris
1741 2120 1828 2160 465

133 2178 359 2230 Bellona
399 2179 604 2231 ridente
647 2179 803 2232 Ceres
843 2179 1169 2247 humilisque
1207 2198 1472 2231 novorum

134 2251 337 2305 Seditio
380 2253 613 2306 clamosa
653 2254 867 2306 ducum:
910 2255 1001 2306 sed
1039 2271 1164 2305 vera
1203 2253 1452 2306 iuventus
1463 2298 1476 2324 7

133 2326 308 2379 Verus
350 2327 539 2380 ductor
578 2328 727 2380 adest
769 2332 820 2380 et
860 2329 1037 2380 vivida
1075 2327 1267 2379 Martis
1308 2328 1501 2399 imago.

243 2401 509 2470 Prospera
557 2403 649 2454 sed
689 2407 949 2471 quantum
995 2406 1211 2454 nostrae
1254 2421 1374 2471 spes
1416 2402 1595 2454 addita
1638 2403 1830 2473 menti,

133 2475 368 2528 Tantum
407 2481 653 2545 exempta
694 2476 857 2530 Getis
923 2476 1025 2540 Qui
1063 2476 1260 2529 vertice
1300 2476 1577 2545 proximus
1618 2477 1779 2530 astris

133 2548 267 2610 Post
305 2549 472 2619 Alpes
512 2551 619 2603 iam
659 2556 850 2604 cuncta
891 2551 995 2603 sibi
1032 2550 1282 2620 promisit
1323 2554 1535 2619 apertas
1741 2568 1829 2606 471

133 2622 230 2675 Nil
269 2642 544 2693 superesse
584 2629 757 2696 ratuS,
796 2630 1085 2695 postquam
1125 2628 1207 2676 tot
1247 2624 1451 2676 lumina
1490 2625 1679 2695 pubiS‚

135 2697 239 2750 Tot
281 2698 490 2752 subitos
529 2700 735 2768 pedites
748 2744 762 2770 7
802 2700 1044 2769 equitum
1082 2702 1165 2751 tot
1208 2698 1470 2767 conspicit
1510 2700 1622 2751 alas

138 2770 429 2841 Cinctaque
469 2774 782 2826 fluminibus
824 2774 1024 2827 crebris
1065 2792 1126 2826 ac
1165 2772 1448 2825 moenibus
1490 2793 1615 2826 arva

258 2936 344 2977 465
375 2934 632 2993 temptans]
669 2936 878 2991 Birtius;
914 2936 1132 2991 temptat.

134 3011 138 3015 ’
229 3013 458 3048 CLAvam
485 3017 590 3060 OPP.,
614 3017 670 3049 ed.
696 3018 840 3051 Koch.
1423 3014 1477 3053 14
