2085 3215
740 644 1369 706 EPITHALAMIVM

417 766 521 825 DE
569 764 894 825 NVPTIIS
943 763 1280 823 HONORII
1327 762 1693 822 AVGVSTI.

853 911 1254 961 PRAEFATIO.

998 1023 1119 1081 (ix.)

211 1118 465 1188 Surgeret
505 1117 563 1168 in
600 1116 899 1167 thalamum
940 1115 1099 1167 ducto
1141 1133 1261 1167 cum
1298 1114 1490 1166 Pelion
1529 1132 1654 1166 arcu

283 1192 397 1244 Nec
437 1194 647 1259 caperet
685 1193 868 1241 tantos
907 1189 1125 1258 hospita
1164 1193 1306 1240 terra
1346 1188 1493 1257 deOS,

216 1265 349 1318 Cum
391 1283 541 1316 socer
581 1281 876 1331 aequoreus
914 1281 1306 1330 numerosaque
1345 1263 1506 1314 turba
1548 1279 1793 1313 sororum

288 1339 566 1391 Certarent
607 1337 780 1406 epulis
821 1337 1134 1389 continuare
1175 1336 1286 1388 dies

209 1414 603 1480 Praeberetque
642 1410 759 1463 Iovi
800 1411 1103 1463 communia
1142 1410 1336 1479 pocula
1379 1409 1603 1479 Chiron⁷
1879 1422 1904 1462 5

286 1487 527 1539 Molliter
568 1485 788 1553 obliqua
827 1488 979 1553 parte
1018 1485 1229 1536 refusus
1271 1484 1416 1554 equi,

210 1561 419 1614 Peneus
459 1559 668 1630 gelidos
707 1562 940 1611 mutaret
978 1562 1191 1610 nectare
1231 1558 1432 1627 fontes,

288 1634 501 1686 Oetaeis
540 1634 766 1684 fluerent
807 1650 1025 1700 spumea
1064 1632 1189 1683 vina
1229 1631 1393 1701 iugis:

214 1707 566 1777 Terpsichore
606 1707 820 1758 facilem
858 1705 1060 1757 lascivo
1101 1705 1296 1773 pollice
1336 1704 1506 1756 movit

287 1781 554 1834 Barbiton
594 1784 645 1832 et
684 1780 875 1831 molles
917 1779 1069 1831 duxit
1109 1779 1167 1830 in
1207 1783 1360 1830 antra
1401 1778 1607 1830 choros
1850 1791 1904 1831 10

217 1856 466 1908 Carmina
504 1872 602 1906 nec
642 1854 849 1922 superis
888 1872 986 1904 nec
1027 1853 1345 1920 displicuere
1385 1851 1641 1921 Tonanti,

292 1929 425 1981 Cum
464 1928 662 1980 teneris
701 1931 924 1979 nossent
966 1945 1201 1997 congrua
1240 1930 1367 1978 vota
1406 1926 1594 1977 modis,

219 2002 474 2056 Centauri
513 2001 792 2069 Faunique
830 2005 1044 2071 negant.
1125 2000 1269 2062 Quae
1308 2000 1520 2051 flectere
1559 1999 1833 2069 Rhoeton‚

291 2076 436 2139 Quae
475 2075 710 2146 rigidum
749 2079 998 2144 poterant
1037 2075 1241 2142 plectra
1280 2092 1492 2125 movere
1530 2072 1804 2125 Pholum?

217 2222 456 2291 Septima
496 2224 588 2275 lux
629 2223 812 2274 aderat
852 2223 996 2274 caelo
1036 2222 1344 2290 totiensque
1384 2226 1569 2273 renato
1853 2235 1905 2273 15

288 2297 512 2348 Viderat
553 2300 768 2348 exactos
806 2296 1080 2364 Hesperus
1121 2296 1245 2366 igne
1286 2295 1498 2347 choros:

217 2371 352 2422 Tum
390 2370 665 2439 Phoebus,
706 2388 811 2438 quo
854 2389 981 2421 saxa
1022 2370 1225 2438 domat,
1266 2388 1370 2437 quo
1410 2368 1675 2438 pertrahit
1723 2386 1908 2437 ornos,

289 2444 508 2496 Pectine
547 2444 833 2512 temptavit
871 2443 1140 2495 nobiliore
1179 2444 1352 2511 lyram

215 2517 623 2586 Venturumque
665 2517 830 2569 sacris
869 2517 1067 2568 fidibus
1108 2517 1216 2567 iam
1256 2516 1481 2585 spondet
1519 2515 1811 2586 Achillem,

299 2590 412 2642 Iam
450 2592 718 2662 Phrygias
760 2591 965 2660 caedes,
1006 2591 1114 2641 iam
1154 2589 1429 2641 Simoenta
1469 2589 1625 2641 canit.
1851 2601 1908 2642 ΞΟ

215 2663 258 2714 F
262 2665 494 2716 rondoso
537 2665 765 2733 strepuit
804 2665 936 2716 felix
974 2663 1317 2732 Hymenaeus
1359 2662 1610 2733 Olympo3

292 2737 556 2807 Reginam
596 2742 849 2790 resonant
890 2737 1090 2805 Othrys
1131 2740 1183 2788 et
1223 2735 1358 2788 Ossa
1397 2736 1624 2789 Thetim.
