2044 3220
198 120 305 173 184
741 117 983 162 CLAVDII
1016 117 1348 163 CLAVDIANI

196 254 274 307 Vt
312 255 451 307 male
491 258 756 324 temptato
796 254 997 306 totiens
1031 271 1087 305 se
1128 253 1338 305 credere
1380 271 1565 322 campo

201 328 513 381 Comminus
555 329 787 380 auderet.
864 327 1030 380 Nulla
1071 331 1152 379 est
1191 327 1418 379 victoria
1456 326 1643 397 maior,

201 402 371 465 Quam
413 421 548 471 quae
597 403 872 455 confessos
914 401 1091 453 animo
1141 419 1353 469 quoque
1402 400 1656 472 subiugat
1694 400 1896 454 hostes,

197 475 420 545 Iamque
451 477 704 545 frequens
738 495 918 528 rarum
952 474 1228 544 decerpere
1260 475 1543 545 transfuga
1575 474 1742 528 robur
1809 489 1897 530 250

200 550 460 620 Coeperat
498 550 661 619 inque
702 550 814 602 dies
852 567 1107 602 numerus
1150 549 1448 601 decrescere
1489 549 1696 619 castris7

196 624 312 677 Nec
352 625 461 676 iam
501 625 701 677 deditio
741 624 928 693 paucis
970 623 1179 676 occulta
1219 624 1414 692 parari,

200 698 305 752 Sed
337 698 490 751 cunei
529 702 782 767 totaeque
821 698 1001 767 palam
1041 697 1308 749 discedere
1348 700 1570 749 turmae.

202 772 566 841 Consequitur
604 790 850 840 vanoque
889 772 1121 823 fremens
1164 771 1394 823 clamore
1433 774 1668 824 retentat

200 845 441 915 Cumque
475 847 585 899 suis
617 847 725 898 iam
764 846 907 898 bella-
940 845 1103 916 gerit·
1134 864 1260 897 mox
1291 845 1526 898 nomina*
1546 845 1772 915 supplex
1813 859 1899 900 255

202 920 336 973 Cum
376 921 506 972 fletu
547 921 904 989 precibusque
945 919 1047 971 ciet
1087 922 1433 988 veterumque
1472 920 1722 972 laborum

199 994 471 1047 Admonet
512 998 563 1046 et
603 994 806 1046 frustra
846 993 1094 1064 iugulum
1133 993 1478 1062 parcentibus
1521 995 1691 1064 offert,

199 1068 499 1137 Defixoque
537 1068 695 1120 malis
737 1067 914 1120 animo
957 1086 1053 1119 sua
1090 1068 1331 1120 membra-
1372 1086 1602 1136 suasque

202 1142 385 1195 Cernit
425 1142 572 1194 abire
612 1161 829 1194 manus:
872 1142 1048 1210 qualis
1091 1141 1345 1210 Cybeleia
1386 1161 1645 1210 quassans

197 1216 478 1285 Hyblaeus
517 1217 708 1286 procul
748 1235 869 1268 aeia
910 1234 1070 1268 senex
1109 1234 1357 1268 revocare
1397 1216 1616 1287 fugaces
1813 1229 1899 1270 260

199 1291 424 1343 Tinnitu
465 1294 690 1343 conatur
730 1309 855 1359 apes
865 1334 878 1360 7
919 1309 1053 1359 quae
1095 1293 1285 1358 sponte
1325 1289 1528 1342 relictis

198 1365 483 1417 Descivere
523 1364 684 1435 faviS,
725 1364 1013 1433 sonituque
1054 1364 1348 1416 exhaustus
1386 1364 1535 1416 inani

200 1439 406 1508 Raptas
446 1438 622 1491 mellis
665 1457 792 1508 opes
834 1439 1132 1506 solitaeque
1174 1438 1343 1491 oblita
1384 1438 1622 1491 latebrae

198 1513 410 1565 Perfida
451 1513 695 1582 deplorat
733 1512 916 1565 vacuis
958 1513 1204 1565 examina
1244 1513 1393 1565 ceris,

315 1587 465 1657 Ergo
507 1587 601 1638 ubi
641 1587 951 1655 praeclusae
991 1587 1109 1639 voci
1149 1587 1330 1638 laxata
1369 1586 1577 1638 remisit
1814 1599 1900 1640 265

202 1660 375 1713 Frena
418 1661 593 1730 dolor,
631 1664 790 1712 notas
833 1660 1002 1712 oculis
1041 1660 1352 1712 umentibus
1391 1659 1558 1729 Alpes

202 1733 450 1803 Adspicit
491 1738 543 1786 et
581 1734 811 1786 nimium
852 1734 1048 1785 diversi
1089 1734 1316 1785 stamine
1356 1733 1456 1785 fati
1532 1762 1536 1763 ν

200 1808 518 1861 Praesentes
558 1808 763 1860 reditus
802 1808 1217 1875 fortunatosque
1256 1807 1485 1859 revolvit

202 1881 516 1953 Ingressus:
559 1882 674 1934 solo
713 1900 976 1952 peragens
1016 1885 1134 1933 tum
1171 1900 1444 1934 murmure
1483 1881 1687 1934 bellum

201 1956 463 2009 Protento
505 1956 694 2008 leviter
733 1956 1019 2026 frangebat
1057 1955 1269 2008 moenia
1310 1959 1469 2008 conto
1816 1970 1901 2010 270

201 2029 446 2083 Inridens
489 2030 764 2099 scopulos3
802 2048 945 2081 nunc
985 2029 1258 2082 desolatus
1300 2034 1352 2082 et
1393 2048 1552 2098 expes

201 2104 400 2157 Debita
439 2104 655 2172 pulsato
696 2104 870 2155 reddit
912 2104 1215 2172 spectacula
1254 2103 1440 2156 monti.

202 2178 352 2231 Tunc
392 2177 468 2230 sic
507 2177 810 2230 Ausonium
849 2181 1156 2246 respectans
1197 2178 1413 2230 aethera
1451 2177 1617 2230 fatur:
1662 2215 1678 2242 ,

317 2251 465 2304 ‘Heu
505 2252 654 2322 regio
697 2252 911 2304 funesta
953 2251 1126 2321 Getis,
1165 2251 1271 2304 heu
1310 2255 1454 2304 terra
1495 2251 1730 2304 sinistris

201 2325 466 2396 Auguriis
508 2327 711 2377 calcata
750 2326 905 2395 mihi,
947 2326 1142 2377 satiare
1180 2330 1470 2378 nocentum
1814 2339 1900 2380 275

211 2399 466 2451 Cladibus
507 2404 558 2451 et
599 2399 815 2451 tandem
853 2400 1058 2452 nostris
1098 2399 1370 2451 inflectere
1407 2398 1617 2468 poenis!

203 2472 292 2524 En
331 2492 459 2544 egO‚
501 2473 591 2541 qui
632 2476 750 2525 toto
792 2474 1075 2525 sublimior
1115 2473 1244 2525 orbe
1283 2473 1493 2524 ferebar

203 2545 346 2598 Ante
387 2551 541 2598 tuum
580 2547 710 2599 felix
751 2547 970 2617 aditum,
1011 2566 1106 2600 ceu
1145 2547 1358 2618 legibus
1398 2547 1522 2598 exul

204 2619 575 2688 Addictusque
614 2639 736 2673 reus
776 2622 910 2673 flatu
948 2621 1201 2704 propiore
1241 2623 1558 2689 sequentum

206 2693 379 2764 Terga
419 2712 645 2761 premor
726 2694 870 2757 Quae
909 2695 1082 2763 prima
1121 2695 1299 2764 miser,
1340 2712 1474 2762 quae
1514 2694 1703 2747 funera
1742 2694 1900 2748 dictis

205 2767 515 2819 Posteriora
557 2769 789 2835 querar?
864 2768 993 2821 Non
1029 2787 1115 2821 me
1152 2768 1423 2821 Pollentia
1462 2771 1675 2821 tantum
1812 2782 1896 2822 281

203 2840 320 2893 Nec
360 2844 544 2909 captae
586 2841 865 2893 cruciastis
907 2860 1057 2925 opes3
1095 2843 1199 2895 hoc
1238 2859 1426 2910 aspera
1465 2842 1564 2894 fati

210 2913 339 2967 Sors
378 2914 565 2966 tulerit
605 2915 902 2984 Martisque
941 2917 1099 2969 vices.
1175 2915 1304 2969 Non
1341 2915 1585 2968 funditus
1625 2915 1788 2969 armis
