2039 3235
537 122 1008 174 ADNOTATIONES
1043 122 1334 168 CRITICAE.
1669 124 1793 167 XLV

224 257 429 301 Wunder
458 269 546 300 vo‘n
569 255 648 300 der
672 254 800 309 Argyo
831 268 887 298 zu
920 256 1138 300 erec'ihlen.
1196 257 1319 301 Abeo·
1351 256 1466 311 (sed
1490 271 1532 300 v.
1565 259 1632 311 19)
1664 271 1794 301 weom

215 317 280 359 sie
318 316 436 359 auch
474 315 539 358 all
586 315 680 358 dies
720 312 769 356 F
768 314 990 367 abelhafte
1031 316 1327 371 verdoppeln,
1377 329 1425 360 so
1468 316 1693 360 ero-eichen
1731 318 1794 360 sie
1857 347 1865 353 -

217 375 330 419 doch
360 374 486 418 nicht
516 374 588 417 die
619 374 944 430 yeyenwc'iotiye
976 373 1301 418 Wirlcliehkeit.

124 437 181 476 48
212 432 422 490 hubesve]
438 431 486 488 C,
500 433 724 487 nubesque
735 430 926 485 reliqui,
943 431 1023 474 sed
1036 446 1100 486 ve,
1116 445 1209 474 non
1227 447 1308 489 que
1320 433 1676 489 praeferendum
1692 446 1793 477 esse

215 491 354 536 credo
387 492 437 534 in
470 491 708 534 sententia
738 490 974 545 negativa,
1005 491 1285 546 praesertim
1318 507 1422 535 cum
1451 494 1674 548 sequatur
1697 498 1793 537 aut.

126 555 179 594 91
214 551 273 609 si]
308 549 551 606 vulgatam
577 550 694 592 bene
721 547 945 604 defendit,
977 551 1029 591 ut
1053 548 1230 605 opinor,
1263 550 1599 605 Buechelerus3
1633 550 1792 595 confer

219 609 376 666 etiam,
409 608 536 664 quod
558 607 768 664 proxime
795 607 855 650 ad
878 621 1071 650 manum
1095 610 1180 664 est,
1214 624 1256 651 v.
1286 614 1369 653 140
1397 612 1437 653 si
1461 612 1547 654 rite
1570 611 1794 655 recordor.

95 673 181 713 109
214 669 398 724 currus]
418 668 592 711 frustra
604 666 675 710 Bi.
690 665 1036 710 dubitationem
1049 666 1197 710 movit
1214 670 1261 710 et
1278 667 1338 711 ad
1356 668 1672 712 coniecturam
1686 682 1794 712 con-

214 727 352 783 fugit.
385 726 436 768 hi
450 726 575 770 enim
589 740 747 770 currus
760 725 974 781 plaustra
988 729 1096 770 sunt
1109 726 1336 782 oneraria,
1355 740 1475 781 quae
1489 726 1539 770 in
1552 726 1792 783 triumpho

214 799 470 841 numquam
495 786 691 828 deerant
717 786 773 828 cf.
800 785 1077 828 Mommseni
1105 785 1176 828 ius
1201 785 1329 841 publ.
1355 786 1487 830 Rom.
1515 787 1565 828 1³
1582 791 1669 829 394
1693 801 1736 829 n.
1753 791 1792 830 3.

96 847 182 887 113
214 845 411 901 furoris]
446 844 502 888 cf.
535 843 606 888 Bi.
639 843 784 900 praef.
817 859 861 899 p.
889 843 1022 888 CXV.

96 908 181 947 153
217 905 432 961 belloque]
468 902 771 947 offensionem
801 903 977 946 habere
1005 902 1127 946 hanc
1152 916 1315 947 vocem
1339 903 1565 957 conced03
1600 903 1656 946 de
1682 917 1794 946 vera

217 961 545 1007 emendatione
562 961 679 1004 mihi
694 961 848 1005 minus
867 963 1066 1007 constat.
1101 976 1264 1006 sensus
1280 962 1377 1006 fere
1393 961 1542 1019 exigit
1554 962 1795 1019 Latioque.

100 1025 182 1065 167
215 1022 482 1080 totiensque]
508 1022 776 1078 totidemque
800 1020 927 1076 quod
949 1021 986 1064 E
1012 1021 1175 1074 tradit,
1200 1021 1340 1065 reieci
1365 1024 1412 1065 et
1436 1021 1549 1076 quia
1571 1021 1796 1065 adverbia

213 1080 478 1125 numeralia
507 1082 671 1126 totiens
715 1082 763 1123 et
793 1086 860 1125 ter
890 1081 1034 1125 decies
1065 1096 1106 1125 v.
1135 1086 1218 1124 166
1259 1080 1383 1124 inter
1423 1094 1470 1124 se
1510 1081 1795 1137 respondent

217 1142 265 1184 et
297 1140 407 1196 quia
438 1139 590 1196 magis
622 1139 871 1195 magisque
902 1139 1017 1183 testi
1049 1139 1085 1182 E
1120 1140 1331 1184 diffidere
1365 1141 1510 1196 coepi.

100 1203 186 1242 174
216 1201 350 1257 rura]
401 1213 457 1242 ex
493 1214 644 1244 rerum
685 1212 778 1254 qua
816 1198 893 1242 via
933 1199 1197 1253 refecerim,
1246 1199 1509 1255 expositum
1551 1198 1698 1242 habes
1746 1197 1796 1241 in

215 1257 463 1315 Philologo
496 1265 608 1302 tom.
634 1257 778 1301 XLIX
810 1272 854 1313 p.
882 1261 978 1303 747.

101 1320 183 1360 180
214 1320 457 1373 intactum]
489 1317 855 1372 haudquaquam
895 1319 1090 1373 tangere
1132 1316 1367 1360 debebant
1399 1316 1488 1360 viri
1529 1317 1655 1361 docti
1688 1316 1792 1360 coll.

215 1377 358 1420 Manl.
391 1376 566 1420 Theod.
599 1392 641 1420 v.
670 1380 917 1420 206-210.

95 1439 182 1479 233
221 1436 441 1494 Tem-vitat]
474 1435 697 1478 iterativa
729 1434 844 1477 satis
877 1448 983 1478 rara
1008 1435 1133 1490 apud
1159 1433 1470 1478 Claudianum
1493 1434 1795 1478 inveniuntur

217 1495 293 1551 (cf.
327 1494 397 1539 Bi.
429 1494 574 1550 praef.
610 1510 655 1550 p.
682 1493 882 1550 CCXII);
932 1496 1092 1537 tamen
1139 1493 1259 1537 hanc
1306 1495 1464 1538 textus
1512 1492 1797 1537 emendandi
1854 1532 1860 1536 .

218 1567 409 1597 causam
440 1553 660 1597 idoneam
692 1567 792 1596 esse
823 1567 918 1596 non
949 1553 1099 1597 credo.

97 1616 184 1656 278
216 1613 362 1670 macti]
411 1615 570 1657 nancti
616 1612 669 1667 C3
727 1611 892 1655 eadem
945 1611 1151 1656 varietas
1208 1612 1333 1667 apud
1377 1611 1658 1667 Vergilium,
1714 1610 1796 1654 ubi

217 1671 505 1715 Ribbeckius
539 1671 749 1715 codicem
780 1671 1041 1715 Romanum
1072 1670 1274 1714 maxime
1308 1673 1494 1715 secutus
1537 1671 1660 1714 hanc
1690 1684 1795 1726 par-

217 1730 374 1787 ticipii
397 1731 598 1774 formam
620 1730 669 1773 in
693 1732 826 1774 textu
849 1730 1022 1787 posuit,
1050 1744 1154 1774 cum
1177 1729 1413 1787 Hauptius
1438 1730 1573 1773 daret
1595 1730 1796 1773 formam

216 1789 490 1834 breviorem.

96 1852 182 1892 321
211 1850 538 1907 praetervolat]
575 1849 737 1905 paullo
769 1848 994 1892 audacius
1028 1849 1206 1892 dictum
1236 1862 1321 1905 pro
1347 1849 1579 1906 pervolat,
1624 1847 1706 1891 sed
1739 1847 1794 1892 cf.

220 1908 301 1953 Sil.
327 1908 431 1951 Ital.
457 1908 500 1951 X
525 1913 610 1952 114
641 1910 773 1953 hasta
798 1909 1107 1965 praetervolat
1138 1922 1292 1953 auras.

101 1970 186 2010 329
214 1968 377 2025 parat]
411 1968 476 2010 sic
510 1970 540 2010 ς
567 1968 657 2010 duo
684 1967 810 2023 apud
834 1967 1151 2010 Burmannum
1183 1983 1227 2023 p.
1255 1971 1355 2023 899,
1389 1967 1514 2022 quod
1540 1965 1795 2022 adsumpsi,

219 2026 332 2081 quia
376 2026 630 2082 respondet
675 2026 750 2069 hic
797 2025 927 2070 locus
967 2025 1331 2082 compa-rationis
1371 2026 1525 2069 versui
1558 2031 1643 2069 313
1688 2026 1796 2069 dum

218 2087 347 2130 redeo
374 2121 382 2129 .
405 2118 441 2128 ..
467 2086 676 2140 referens.

100 2147 187 2188 360
219 2145 313 2202 illi]
353 2144 442 2188 hoc
481 2143 576 2188 iam
615 2144 861 2200 placuerat
899 2143 1092 2188 Heinsio
1133 2157 1284 2198 neque
1316 2143 1516 2187 fortasse
1555 2142 1798 2187 reiecisset

218 2203 418 2259 Ieepius,
454 2203 493 2246 si
524 2203 574 2246 id
604 2204 760 2259 ipsum
791 2203 841 2245 in
872 2202 908 2245 E
943 2205 1100 2246 extare
1134 2204 1423 2258 compertum
1453 2202 1712 2246 habuisset.

101 2265 187 2305 365
220 2268 261 2307 et
301 2263 480 2307 Norica
516 2277 632 2307 ‘rura
673 2262 900 2320 tenebant]
950 2262 1005 2306 cf.
1048 2261 1182 2306 Ovid.
1214 2262 1325 2306 Met.
1358 2261 1420 2304 ΠΙ
1448 2266 1473 2304 2
1514 2262 1797 2318 Dictaeaque

218 2336 334 2366 ‘rura
364 2323 556 2367 tenebat.
610 2327 735 2365 certe
766 2321 887 2364 nihil
917 2321 1207 2364 mutandum.

100 2383 188 2422 384
220 2382 347 2440 lonye
359 2395 556 2426 sermone
561 2381 724 2439 petito]
741 2382 872 2438 lonyo
885 2380 936 2435 C;
952 2382 1200 2437 praeterea
1209 2379 1279 2425 Bi.
1292 2379 1342 2422 in
1356 2392 1493 2423 sensu
1507 2378 1710 2422 offensus
1725 2381 1798 2423 est

222 2442 271 2483 et
294 2440 613 2484 coniecturam
635 2442 901 2497 proposuit3
937 2454 1024 2496 ego
1054 2439 1270 2495 acquievi
1294 2438 1344 2482 in
1366 2440 1556 2494 recepta
1578 2437 1796 2493 lectione,

222 2501 351 2557 Zonye
375 2502 520 2556 petito
551 2514 635 2556 pro
677 2501 809 2557 longo
850 2499 1174 2555 accipiendum
1215 2512 1315 2542 esse
1353 2500 1496 2542 ratus,
1550 2497 1688 2553 plura
1719 2512 1796 2542 ea:-

221 2559 370 2615 empla
401 2558 585 2617 adferre
609 2560 851 2615 potuisset
883 2560 1063 2616 lonyius
1088 2564 1267 2614 petens,
1307 2557 1389 2601 sed
1427 2571 1571 2600 unum
1609 2558 1797 2600 tantum

224 2617 390 2661 adfert.
447 2620 654 2661 ceterum
687 2617 743 2663 cf.
779 2617 916 2662 Gildo
948 2633 990 2662 v.
1017 2622 1116 2662 325.

102 2680 190 2720 ³⁹4
221 2676 622 2780 qssrg'btssuffl‘iaffe
651 2677 1038 2780 3332013333335
1059 2678 1212 2779 5553&
1229 2674 1796 2779 ffiffiffiffssssffiff

221 2794 371 2852 Marp.
403 2799 513 2838 1889
545 2810 589 2851 p.
614 2751 671 2838 {7
704 2797 751 2839 et
784 2799 853 2839 58.

102 2857 191 2896 407
223 2854 395 2912 varios]
429 2853 543 2898 olim
574 2854 698 2910 quod
729 2856 901 2900 hilaros
933 2852 1132 2909 conieci,
1171 2866 1266 2896 non
1299 2852 1452 2897 solent
1482 2852 1571 2896 hoc
1604 2851 1798 2895 verbum

221 2926 395 2969 ponere
434 2915 625 2969 poetae3
673 2927 795 2958 nunc
843 2914 980 2958 laetos
1026 2926 1256 2969 propono,
1303 2911 1426 2956 unde
1466 2912 1653 2968 praeter
1692 2924 1798 2955 con-
