2044 3220
225 126 334 177 ‘250
775 123 1020 168 CLAVDII
1051 123 1378 168 CLAVDIANI

223 259 353 322 Quis
394 262 547 326 tepor
584 258 822 310 inclusus
864 276 1073 310 securas
1111 258 1345 311 vindicat
1383 258 1588 311 undas?
1881 271 1908 313 5

296 331 525 384 Interior
563 332 760 402 glacies
802 350 906 399 quo
947 332 1233 400 liquefacta
1272 332 1461 384 Noto?

223 405 445 458 Gemma
487 405 680 473 quibus
721 406 893 456 causis
935 424 1125 458 arcano
1165 406 1380 458 mobilis
1421 410 1573 458 aestu

298 479 397 531 Vel
438 482 682 531 concreta
721 479 824 530 fuit
863 480 948 531 vel
986 480 1222 531 resoluta
1261 480 1422 550 gelu?

854 624 1039 669 XXXV.
1074 625 1278 681 (Lvm.)

223 714 439 767 Solibus
478 713 799 766 indomitum
838 715 1034 785 glacies
1075 714 1271 783 Alpina
1311 715 1543 785 rigorem

298 787 552 840 Sumebat
589 788 754 840 nimio
795 788 901 840 iam
939 789 1174 856 pretiosa
1213 789 1337 859 gelu

221 861 334 914 Nec
375 862 552 929 potuit
592 865 708 913 toto
748 862 962 913 mentiri
1003 880 1220 930 corpore
1262 880 1554 933 gemmam,

298 935 400 987 Sed
437 935 610 987 medio
650 935 846 986 mansit
885 935 1127 1002 proditor
1168 935 1293 987 orbe
1333 936 1490 988 latex.

220 1008 428 1061 Auctus
469 1009 663 1077 honor3
702 1008 891 1076 liquidi
933 1013 1174 1060 crescunt
1213 1006 1469 1061 miracula
1510 1010 1646 1079 saxi,
1887 1022 1913 1063 5

295 1083 367 1134 Et
408 1086 747 1134 conservatae
787 1081 908 1150 plus
947 1083 1218 1133 meruistis
1259 1101 1438 1151 aquae.

866 1226 1071 1270 XXXVI.
1106 1226 1267 1282 (LIX.)

220 1317 451 1385 Adspice
489 1321 791 1386 porrectam
831 1317 1130 1384 splendenti
1169 1317 1432 1388 fragmine
1470 1337 1682 1386 venam,

297 1390 409 1453 Qua
449 1392 681 1443 trahitur
719 1391 871 1442 limes
910 1391 1165 1443 lucidiore
1205 1392 1343 1462 gelu.

221 1464 324 1516 Hic
363 1466 574 1517 nullum
612 1465 823 1517 Borean
859 1482 956 1516 nec
995 1464 1241 1517 brumam
1281 1465 1444 1517 sentit
1484 1484 1681 1534 opacus

295 1538 485 1607 Vmor,
527 1539 618 1591 sed
655 1539 828 1590 varias
867 1538 1015 1606 itque
1055 1538 1296 1606 reditque
1335 1539 1463 1591 vias,

221 1611 348 1664 Non
384 1613 538 1664 illum
578 1612 897 1664 constrinxit
936 1611 1128 1680 hiems,
1167 1630 1276 1663 non
1316 1611 1485 1664 Sirius
1526 1613 1696 1682 auxit,
1877 1626 1904 1667 5

295 1685 504 1737 Aetatis
545 1686 778 1754 spatium
814 1703 926 1736 non
962 1685 1203 1737 tenuavit
1243 1685 1387 1737 edax.

868 1829 1093 1873 XXXvn.
1129 1829 1262 1885 (LX.)

224 1921 502 1973 Clauditur
541 1920 774 1972 inmunis
816 1938 1049 1972 convexo
1089 1920 1322 1990 tegmine
1363 1921 1531 1990 riVUS‚

296 1994 623 2062 Duratisque
661 2012 829 2064 vagus
868 1994 990 2045 fons
1032 1994 1269 2062 operitur
1311 1995 1478 2062 aquis,

222 2067 415 2121 Nonne
455 2068 623 2136 vides,
662 2067 894 2135 propriis
933 2071 993 2119 ut
1035 2071 1245 2135 spumet
1284 2086 1494 2138 gemma
1531 2068 1737 2121 lacunis

296 2142 370 2194 Et
410 2142 604 2193 refluos
645 2141 839 2193 ducant
879 2141 1071 2209 pocula
1109 2141 1229 2192 viva
1270 2141 1418 2193 sinus

222 2216 445 2283 Vdaque
483 2215 739 2286 pingatur
776 2214 938 2266 radiis
980 2215 1321 2266 obstantibus
1361 2214 1485 2285 Iris,
1794 2236 1799 2242 ·
1886 2229 1914 2270 5

299 2289 538 2341 Secretas
578 2289 778 2340 hiemes
820 2288 1143 2340 sollicitante
1184 2288 1302 2340 die‘?

224 2362 361 2414 Mira
403 2363 536 2414 sileX
574 2363 845 2430 mirusque
885 2362 1042 2414 lateX.
1105 2362 1178 2413 Et
1217 2362 1438 2414 flumina
1475 2362 1642 2414 vincit

297 2436 370 2487 Et
409 2436 611 2504 lapides
651 2436 865 2504 merit07
907 2435 1049 2503 quod
1089 2435 1208 2487 fluit
1249 2439 1301 2487 et
1340 2436 1477 2504 lapis
1518 2439 1612 2488 est.

844 2564 1096 2610 XXXVIII.
1128 2565 1284 2622 (LXI.)

223 2656 367 2708 Dum
406 2656 658 2724 crystalla
697 2673 828 2724 puer
868 2656 1175 2726 contingere
1214 2656 1419 2707 lubrica
1458 2655 1654 2726 gaudet

298 2730 370 2781 Et
411 2730 645 2799 gelidum
684 2734 866 2781 tenero
907 2729 1099 2797 pollice
1140 2733 1318 2781 versat
1359 2747 1516 2799 onUS‚

346 2859 536 2902 XXXIV
579 2865 601 2903 7
649 2860 821 2917 causis]
872 2861 1013 2915 idem;
1070 2860 1298 2904 claustris.
1451 2859 1645 2903 XXXVI
1685 2864 1710 2904 5
1746 2858 1909 2918 auxit]

223 2920 373 2974 idem,·
406 2917 518 2973 axis,
556 2918 735 2962 ardens.
809 2981 812 2983 ι
