2085 3215
168 147 238 197 74
718 141 979 187 CLAVDH·
995 142 1328 187 CLAVDIANI

163 281 419 350 Romule,
461 279 603 347 quod
644 297 793 330 serus
833 278 1108 330 temeratis
1148 279 1385 331 fascibus
1424 279 1572 331 ultor

163 354 429 407 Advenio:
469 354 686 405 iamiam
725 353 891 423 largis
930 352 1061 404 haec
1101 353 1295 423 gaudia
1335 353 1459 404 faxo

167 428 526 497 Compensent
566 427 815 479 lacrimis.
895 425 1033 489 Quid
1072 427 1270 478 dudum
1308 427 1495 479 inflare
1534 427 1761 479 moraris

164 503 496 571 Tartaream,
535 501 776 571 Bellona,
814 501 1017 570 tubam,
1058 501 1186 569 quid
1226 501 1487 571 stringere
1527 501 1742 570 falcem,
1777 514 1860 554 145

166 576 282 638 Qua
320 577 552 645 populos
592 595 622 627 a
664 576 829 643 stirpe
868 575 1064 626 metis?
1140 575 1332 627 Molire
1371 575 1660 644 tumultus,

164 651 375 703 Excute
415 650 645 702 delicias,
723 649 991 701 Thracum
1029 648 1403 718 Macetumque
1443 649 1628 701 ruinae

166 725 365 777 Taedet
406 729 458 776 et
497 725 555 776 in
593 727 779 795 gentes
818 724 1015 775 iterum
1055 724 1256 775 saevire
1298 723 1550 792 sepultas

164 799 377 851 Damna
414 799 592 850 minus
633 801 887 850 consueta
926 816 1102 867 move3
1142 801 1292 849 trans
1333 815 1564 866 aequora
1606 815 1790 850 saevas

164 873 331 925 Verte
371 873 536 938 faces3
577 873 696 924 aliis
738 871 953 923 exordia
994 890 1141 923 sume
1181 871 1397 939 rapinis
1779 885 1862 923 150

164 947 295 1000 Non
333 947 436 999 tibi
474 947 730 1015 Riphaeis
770 946 944 997 hostis
986 945 1318 1013 quaerendus
1358 945 1425 996 ab
1468 945 1597 1013 oris7

165 1020 295 1074 Non
332 1039 428 1089 per
469 1020 753 1073 Caucasias
794 1020 963 1071 accito
1005 1019 1220 1071 turbine
1259 1019 1427 1071 valles

165 1095 270 1147 Est
311 1113 459 1163 opus.
539 1094 885 1164 Ostrogothis
927 1094 1122 1146 colitur
1160 1093 1450 1161 mixtisque
1492 1091 1830 1164 Gruthungis

167 1169 353 1238 Phi-yx
393 1187 540 1239 ager:
581 1169 681 1220 hos
720 1186 915 1236 parvae
954 1171 1210 1236 poterunt
1249 1167 1524 1235 impellere
1565 1185 1754 1219 causae

168 1242 233 1295 In
273 1243 469 1311 scelus3
510 1243 576 1294 ad
614 1260 791 1293 mores
831 1242 1005 1293 facilis
1044 1245 1237 1293 natura
1277 1241 1485 1293 reverti.
1785 1255 1866 1294 155

164 1317 256 1370 Sic
298 1321 404 1369 eat:
443 1317 502 1369 in
538 1321 726 1368 nostro
767 1316 979 1384 quando
1019 1316 1127 1367 iam
1165 1315 1336 1367 milite
1375 1315 1542 1367 robur

169 1391 396 1460 Torpuit
436 1395 489 1443 et
528 1391 681 1443 molli
721 1390 906 1442 didicit
944 1408 1129 1458 parere
1168 1389 1451 1460 magistro,

168 1465 420 1517 Vindicet
459 1464 694 1517 Arctous
733 1465 963 1516 violatas
1005 1464 1205 1515 advena
1245 1464 1405 1534 leges,

169 1539 409 1592 Barbara
448 1539 694 1591 Romano
737 1542 1049 1590 succurrant
1089 1557 1236 1589 arma
1275 1537 1500 1605 pudori'.

284 1612 372 1665 Sic
411 1613 556 1665 fatus
598 1613 791 1681 clipeo,
833 1616 1094 1680 quantum
1132 1612 1222 1662 Vix
1260 1612 1375 1679 ipse
1415 1611 1636 1663 deorum
1787 1625 1869 1664 160

167 1687 393 1740 Arbiter
429 1687 629 1739 infesto
671 1705 792 1738 cum
830 1686 1062 1754 percutit
1103 1685 1288 1755 aegida
1327 1685 1535 1754 nimbo7

169 1760 430 1814 Intonuit.
507 1761 812 1829 Responsat
851 1760 1028 1811 Athos
1067 1758 1411 1826 Haemusque
1450 1759 1705 1829 remugit3

170 1834 477 1906 Ingeminat
516 1853 737 1886 raucum
775 1834 1035 1901 Rhodope
1077 1851 1334 1885 concussa
1373 1833 1656 1903 fragorem.

175 1909 389 1962 Cornua
429 1927 559 1961 cana
598 1909 724 1979 gelu
761 1908 1084 1959 mirantibus
1124 1907 1318 1958 extulit
1356 1907 1514 1958 undis
1581 1914 1585 1915 ⁷

173 1983 390 2035 Hebrus
424 1987 476 2035 et
509 2000 805 2052 exanguem
840 1982 1010 2052 glacie
1049 1981 1212 2033 timor
1245 1981 1447 2051 adligat
1479 1980 1743 2032 Histrum.
1788 1995 1871 2034 165

171 2057 323 2109 Tunc
364 2057 644 2109 adamante
683 2075 902 2127 gravem
940 2055 1201 2123 nodisque
1242 2055 1544 2125 rigentibus
1583 2055 1818 2124 hastam,

173 2131 364 2183 Telum
403 2132 593 2202 ingens
631 2130 874 2198 nullique
915 2130 1011 2181 deo
1051 2129 1358 2198 iaculabile,
1398 2128 1572 2181 torsit.

173 2204 263 2257 Fit
302 2206 410 2257 late
449 2206 624 2273 ruptis
663 2205 749 2256 via
787 2204 1051 2273 nubibus3
1089 2204 1184 2255 illa
1223 2222 1318 2271 per
1357 2221 1514 2254 auras

174 2280 280 2331 Tot
319 2280 478 2349 freta,
518 2283 602 2331 tot
640 2282 850 2330 montes
889 2296 997 2330 uno
1039 2281 1290 2329 contenta
1329 2277 1516 2329 volatu

175 2354 434 2405 Transilit
474 2357 527 2406 et
564 2353 833 2422 Phrygiae
872 2352 1060 2403 mediis
1101 2351 1355 2421 adfigitur
1393 2351 1548 2402 arvis.
1790 2365 1871 2403 170

175 2426 356 2479 Sensit
395 2428 614 2496 humus3
654 2426 859 2497 gemuit
897 2425 1113 2494 Nysaeo
1153 2425 1375 2493 palmite
1414 2424 1544 2476 felix

175 2500 410 2553 Hermus
451 2505 503 2553 et
543 2504 729 2552 aurata
768 2499 1023 2551 Pactolus
1062 2499 1332 2550 inhorruit
1370 2517 1504 2549 urna

177 2574 420 2642 Totaque
462 2575 762 2627 summissis
800 2574 1061 2625 fleverunt
1100 2573 1369 2641 Dindyma
1411 2571 1572 2623 silvis,

289 2648 403 2700 Nec
444 2649 538 2700 dea
577 2648 899 2717 praemissae
940 2647 1223 2705 stridorem
1263 2646 1479 2716 segnius
1517 2645 1704 2696 hastae

181 2721 561 2791 Consequitur,
602 2726 920 2789 centumque
959 2721 1074 2772 vias
1113 2720 1369 2772 meditata
1407 2719 1633 2770 nocendi
1789 2733 1872 2771 175

174 2796 415 2847 Tandem
453 2796 788 2866 Tarbigilum
829 2794 1069 2851 (Geticae
1108 2794 1217 2863 dux
1254 2793 1531 2861 improbus
1571 2793 1686 2844 alae

301 2917 385 2954 149
418 2912 571 2968 move]
605 2913 768 2967 scripsi
799 2912 1004 2955 Bit-tium
1037 2915 1238 2963 secutus;
1270 2917 1472 2952 movent.

303 2976 386 3015 176
420 2969 542 3028 alae]
577 2971 821 3026 Rubemc35
854 2969 1003 3014 aulae.
