2085 3215
367 79 570 138 (XVIII.)
603 79 668 123 IN
701 78 1066 123 EVTROPIVM
1097 78 1278 122 LIBER
1309 78 1552 124 PRIMVS.
1738 80 1809 133 65

905 166 926 192 Ο

103 216 338 286 Imperii.
418 215 623 268 Tenero
664 215 885 267 tractari
924 218 1139 283 pectore
1178 215 1349 267 nescit
1428 229 1433 232 ·

103 291 330 344 Publica
376 290 644 342 maiestas
721 288 1034 357 Numquam
1073 289 1159 341 vel
1205 290 1262 341 in
1309 307 1538 358 aequore
1586 291 1811 359 puppim

105 365 354 417 Vidimus
395 363 626 416 eunuchi
666 362 817 416 clavo
857 381 1043 431 parere
1083 363 1366 433 magistri„
1565 380 1567 383 ’
1723 379 1809 417 425

82 437 224 492 'Nos
264 439 394 491 adeo
436 438 616 508 sperni
655 437 877 490 faciles?
919 437 1172 505 orbisque
1214 438 1392 490 carina

106 513 320 565 Vilior?
374 511 642 564 Auroram
683 530 831 581 sane,
874 529 1008 580 quae
1048 511 1178 563 talia
1219 511 1356 563 ferre

109 586 341 657 Gaudet,
382 590 434 639 et
474 587 723 639 adsuetas
764 586 990 654 sceptris
1030 585 1386 637 muliebribus
1426 586 1587 638 urbes

106 661 449 730 Possideant3
491 660 619 728 quid
657 660 959 712 belliferam
999 659 1374 712 communibus
1414 664 1578 712 urunt

107 735 325 789 Italiam
363 735 588 787 maculis
627 734 981 802 nocituraque
1021 735 1220 802 probra
1258 734 1455 786 severis
1728 749 1814 788 430

109 809 444 863 Ammiscent
483 809 737 878 populis?
812 808 1102 879 Peregrina
1142 808 1353 877 piacula
1393 808 1524 861 forti

109 884 391 938 Pellantur
429 883 591 954 longe
629 883 786 936 Latio
826 902 923 935 nec
963 886 1202 935 transeat
1242 880 1410 951 Alpes

110 958 378 1028 Dedecus3
416 958 475 1010 in
514 957 667 1027 solis,
709 957 905 1026 quibus
947 958 1148 1027 extitit,
1189 957 1405 1009 haereat
1448 956 1602 1009 arvis.

111 1032 326 1086 Scribat
364 1032 560 1101 Halys,
602 1032 803 1084 scribat
843 1032 1015 1084 famae
1057 1035 1397 1100 contemptor
1438 1029 1690 1090 Orontes:

110 1107 214 1161 Per
252 1110 307 1160 te
345 1125 545 1176 perque
585 1110 710 1158 tuos
752 1107 996 1159 obtestor
1034 1107 1207 1159 Roma
1247 1105 1576 1175 triumpth
1729 1120 1814 1159 435

112 1181 335 1234 Nesciat
373 1181 477 1233 hoc
517 1180 774 1251 Thybris7
813 1200 1109 1249 numquam
1148 1181 1497 1249 poscentibus
1539 1179 1669 1232 olim

114 1256 219 1319 Qui
259 1256 382 1307 dare
420 1255 673 1308 Dentatis
713 1274 883 1308 annos
921 1255 1211 1324 Fabiisque
1253 1255 1475 1307 solebat.

114 1329 345 1383 Martius
386 1329 615 1382 eunuchi
655 1334 860 1398 repetet
902 1329 1157 1400 suffragia
1199 1329 1454 1397 campus?

115 1404 378 1457 Aemilios
417 1404 560 1456 inter
600 1408 1004 1472 servatoresque
1048 1403 1305 1456 Camillos

114 1478 454 1547 Eutropius?
514 1477 631 1530 Iam
665 1477 1034 1549 Chrysogonis
1066 1482 1174 1547 tua7
1214 1478 1397 1540 Brute,
1436 1481 1679 1546 potestas
1735 1491 1823 1530 440

116 1552 494 1621 Narcissisque
535 1553 732 1604 datur?
808 1552 984 1605 Natos
1025 1552 1127 1605 hoc
1169 1552 1356 1604 dedere
1395 1570 1598 1620 poenae

116 1627 332 1680 Profuit
373 1631 425 1680 et
464 1628 660 1679 misero
703 1628 872 1679 civem
911 1645 1238 1696 praeponere
1277 1626 1457 1695 patri?

118 1701 240 1754 Hoc
277 1701 411 1753 mihi
450 1700 691 1754 Ianiculo
731 1701 925 1771 positis
966 1701 1187 1753 Etruria
1229 1701 1419 1753 castris

121 1776 362 1839 Quaesiit
402 1780 454 1828 et
494 1780 708 1828 tantum
746 1777 911 1835 fluvio
952 1775 1227 1828 Porsenna
1267 1775 1545 1828 remotus?

120 1850 242 1903 Hoc
281 1850 477 1902 meruit
515 1851 601 1902 vel
638 1854 804 1920 ponte
847 1849 1034 1904 Cocles
1073 1851 1160 1903 vel
1197 1849 1409 1903 Mucius
1448 1849 1610 1920 igne?
1740 1862 1827 1902 445

120 1924 435 1977 Visceribus
475 1924 678 1976 frustra
717 1928 925 1978 castum
963 1925 1212 1978 Lucretia
1252 1925 1454 1978 ferrum

123 1998 314 2051 Mersit
355 2001 407 2051 et
447 1999 742 2051 attonitum
780 1999 1015 2051 tranavit
1058 1999 1260 2052 Cloelia
1300 1998 1602 2068 Thybrim?

124 2073 392 2142 Eutropio
433 2069 605 2125 fasces
646 2073 1067 2125 adservabantur
1105 2074 1340 2142 adempti

125 2147 471 2216 Tarquiniis?
551 2146 949 2216 Quemcumque
988 2165 1136 2199 meae
1175 2165 1364 2199 vexere
1406 2147 1639 2217 ciffules7

125 2222 332 2275 Laxato
373 2222 554 2274 veniat
595 2223 801 2274 socium
840 2226 1117 2274 aversatus
1156 2220 1388 2274 Averno
1742 2234 1832 2274 450

127 2295 366 2366 Impensi
406 2297 571 2348 sacris
610 2296 763 2349 Decii
801 2296 1136 2366 prorumpite
1176 2296 1352 2348 bustis

129 2371 497 2439 Torquatique
536 2375 714 2424 truces
755 2372 1102 2439 animosaque
1141 2370 1391 2439 pauperis
1430 2370 1621 2422 umbra

129 2445 365 2498 Fabricii
402 2449 569 2514 tuque
612 2464 662 2516 o,
703 2447 749 2498 si
788 2446 929 2499 forte
967 2445 1176 2498 inferna
1215 2445 1429 2514 piorum

130 2519 326 2591 Iugera
366 2523 418 2572 et
457 2520 675 2589 Elysias
716 2521 935 2591 scindiS‚
977 2519 1224 2589 Serrane7
1262 2519 1496 2571 novales,

130 2594 315 2647 Poeno
356 2593 655 2665 Scipiadae,
693 2595 875 2648 Poeno
915 2595 1186 2664 praeclare
1224 2593 1430 2659 Lutati,
1749 2610 1836 2649 455

134 2668 348 2721 Sicania
386 2668 638 2722 Marcelle
677 2670 851 2740 ferox,
891 2688 1022 2741 gens
1065 2668 1284 2722 Claudia
1324 2687 1515 2738 surgas

91 2763 95 2766 ’
135 2743 210 2795 Et
253 2742 399 2795 Curii
436 2747 665 2814 veteres3
706 2748 781 2814 et,
823 2745 914 2813 qui
955 2744 1054 2796 sub
1094 2744 1208 2796 iure
1247 2743 1460 2814 negasti

258 2908 346 2948 456
379 2906 562 2964 surgas]
597 2907 806 2963 Hirtius,⁷
838 2909 1013 2964 surgat.

230 2987 465 3022 CLAvam
489 2988 605 3032 OPP.‚
628 2990 686 3022 ed.
709 2991 853 3023 Koch.
1456 2985 1482 3023 5
