2029 3230
197 121 350 166 XVIII
649 117 1120 164 ADNOTATIONES
1154 118 1444 164 CRITICAE.

321 256 367 296 et
392 253 601 295 dativum
626 252 792 307 poscat
815 263 1003 294 necesse
1029 250 1091 294 sit
1106 265 1257 306 neque
1275 265 1358 308 per
1375 252 1636 307 asyndeton
1659 253 1768 308 post
1783 265 1892 296 con-

317 312 479 354 iuncta
504 323 621 365 quae
647 309 936 365 praecedunt
960 309 1188 353 attributa
1212 314 1378 365 quarto
1403 310 1452 353 in
1476 310 1580 353 loco
1598 310 1709 367 poni
1724 308 1893 367 possit.

318 383 437 425 quae
464 372 621 412 autem
649 367 957 411 Buechelerus
983 369 1108 424 apud
1126 369 1193 413 Bi.
1219 369 1452 425 proponit,
1477 368 1617 412 nimis
1635 369 1891 414 artificiosa

317 431 445 484 puto,
479 432 531 470 ut
562 427 640 469 vix
670 426 884 483 intellegi
915 429 1109 483 possint.
1165 429 1366 477 adducta
1396 427 1482 470 LR
1514 427 1613 471 sine
1645 441 1796 473 sensu.

201 492 283 531 132
317 487 512 589 ἓαηΙνοε]
547 499 602 528 ex
634 485 676 528 V
709 499 790 537 suo
830 486 1039 529 restituit
1077 486 1281 542 Ieepius,
1332 500 1468 541 quem
1507 486 1615 530 vide
1656 486 1740 529 sub
1772 486 1893 534 Bell.

342 546 411 588 *ilc
431 581 438 589 .
464 549 564 588 495.
1129 546 1134 551 ’

201 610 282 648 167
320 604 486 662 iudice]
528 604 713 648 uindice
745 600 919 659 (BWs)
960 601 1226 659 repudiavi,
1269 603 1381 657 quia
1419 602 1468 646 in
1507 617 1622 659 pace
1661 605 1892 648 rectorem

318 662 530 718 gentium
569 661 712 706 fuisse
754 662 956 705 Probum
998 664 1140 717 atque
1182 661 1262 704 ‘ad
1304 661 1471 704 summi
1496 662 1624 705 ·iuris
1664 663 1889 718 vestigia²

316 722 498 765 venisse
530 736 571 765 v.
599 725 773 764 57-60
807 735 834 764 a
864 723 1008 776 poeta
1038 722 1140 777 ipso
1182 720 1450 774 edocemur3
1489 720 1692 764 uindicis
1734 726 1892 764 autem

317 780 447 824 notio
487 779 636 836 magis
678 780 739 822 ad
778 793 851 823 res
892 781 1051 835 gestas
1101 781 1348 835 spectaret.
1406 781 1611 823 ceterum
1652 779 1708 824 de
1748 779 1894 823 Probi

318 838 572 883 honoribus
605 838 714 882 vide
745 838 813 882 Bi.
847 839 992 894 praef.
1024 853 1069 894 p.
1094 837 1193 882 VII.

198 901 285 942 198
323 898 492 955 Graia]
527 897 747 940 Heinsius
781 911 863 953 pro
895 911 1083 954 9raeca;
1124 896 1189 939 sic
1222 895 1345 939 enim
1379 896 1568 952 scripsit
1597 896 1699 952 ipse
1732 898 1894 940 noster

316 957 380 1000 IV
413 970 535 1001 conS.
565 956 682 1000 Hon.
717 960 802 999 398
848 957 997 1000 Graia
1022 953 1232 1014 'vetustas
1279 968 1550 1010 semperque
1591 955 1740 998 utitur
1777 968 1892 998 voce

320 1017 506 1071 Graius,
540 1016 608 1058 ita
634 1017 685 1058 ut
714 1015 772 1057 ab
807 1015 1040 1058 adiectivo
1070 1014 1309 1057 ‘Graecus'
1341 1013 1637 1058 abhorruisse
1660 1013 1892 1058 videatur.

202 1080 284 1117 211
320 1075 496 1132 frayor]
524 1087 606 1129 pro
626 1074 795 1130 plausu
812 1073 1054 1117 hominum
1079 1073 1222 1117 etiam
1247 1072 1421 1129 legitur
1439 1072 1597 1117 Senec.
1624 1072 1682 1116 de
1705 1076 1893 1128 tranqu.

317 1147 389 1177 an.
422 1133 465 1175 II
491 1137 558 1177 13.

199 1196 284 1235 226
323 1192 484 1250 Tybri]
499 1205 582 1247 pro
602 1192 732 1235 Tibri
746 1190 872 1233 edidi
886 1210 895 1244 3
911 1191 1192 1234 Graecarum
1207 1190 1331 1234 enim
1342 1191 1596 1234 formarum
1608 1189 1894 1234 Claudianus

319 1250 668 1293 amantissimus
701 1257 801 1292 erat
833 1249 890 1292 cf.
923 1249 994 1294 Bi.
1027 1250 1229 1293 indicem
1264 1264 1297 1294 s,
1322 1266 1364 1294 v.
1399 1249 1537 1292 aliter
1566 1262 1641 1292 res
1675 1262 1723 1292 se
1747 1248 1895 1292 habet

318 1324 360 1353 v.
388 1312 457 1363 98,
490 1308 572 1352 ubi
603 1308 673 1351 rei
703 1308 926 1351 metricae
956 1308 1078 1351 ratio
1109 1309 1282 1353 Tiberis
1306 1308 1557 1352 lectionem
1581 1307 1894 1352 commendat.

201 1373 286 1411 227
320 1368 565 1425 interfluit]
603 1366 852 1410 ‘interluit'
895 1369 1063 1423 postea
1096 1366 1443 1411 commendavit
1473 1367 1544 1412 Bi.
1577 1366 1628 1410 in
1658 1367 1753 1412 ind.
1788 1381 1822 1412 s,
1848 1381 1892 1412 v.

326 1426 646 1470 ‘interfluere’.

200 1490 283 1529 231
328 1486 566 1543 Unanimi]
600 1486 763 1528 contra
795 1484 1124 1528 omnes-libros
1149 1483 1393 1540 inculcavi,
1426 1498 1521 1527 non
1546 1484 1694 1527 solum
1719 1485 1773 1528 ut
1797 1483 1894 1527 evi-

318 1546 469 1588 tarem
502 1543 842 1600 cacophoniam
874 1543 1070 1586 duorum
1093 1544 1341 1587 verborum
1364 1543 1414 1586 in
1440 1557 1503 1587 -es
1521 1541 1895 1598 terminantium,

321 1604 401 1647 sed
420 1603 530 1658 quia
548 1602 676 1645 illius
694 1603 819 1645 vocis
837 1603 1034 1645 formam
1053 1602 1306 1646 secundum
1322 1601 1512 1645 tertiam
1529 1601 1894 1646 declinationem

319 1662 488 1705 flexam
519 1661 583 1706 Cl.
617 1675 710 1705 non
742 1660 1015 1704 adhibuisse
1048 1661 1292 1704 existumo.
1356 1662 1422 1703 sic
1453 1663 1669 1705 wnanimi
1699 1661 1897 1704 tradunt

319 1721 385 1765 III
412 1735 534 1766 cons.
564 1724 647 1764 189
676 1733 835 1764 omnes
859 1734 982 1775 mss,
1015 1720 1154 1775 Rapt.
1172 1720 1215 1762 II
1233 1724 1318 1764 368
1343 1720 1620 1775 complures,
1643 1719 1751 1764 Rus.
1768 1719 1789 1762 I
1807 1723 1895 1762 105

320 1782 565 1825 unanimos
588 1779 745 1822 firmat
762 1779 793 1822 C
814 1779 1135 1822 consentiente
1159 1779 1248 1829 A23
1283 1792 1319 1821 c.
1345 1794 1403 1820 m.
1430 1778 1515 1821 VII
1533 1783 1559 1821 3
1587 1781 1745 1822 autem
1769 1778 1894 1833 quod.

320 1838 497 1882 Birtius
532 1852 637 1881 cum
670 1837 766 1881 solo
799 1838 835 1880 P
869 1838 1115 1882 Unanimes
1146 1837 1308 1892 edidit,
1341 1837 1480 1881 valde
1514 1837 1669 1881 miror.
1726 1836 1897 1891 quodsi

320 1898 407 1942 hoc
432 1897 482 1940 in
506 1897 608 1940 loco
626 1896 1000 1953 repugnantibus
1018 1897 1232 1940 omnibus
1251 1896 1383 1939 libris
1401 1896 1624 1939 audacius
1641 1895 1894 1939 lectionem

321 1971 394 2000 me
427 1956 684 1999 mutavisse
715 1955 969 2011 putaveris,
1002 1969 1095 1998 non
1126 1955 1196 1998 ita
1220 1954 1355 1998 bonis
1382 1954 1621 1998 codicibus
1645 1953 1897 2011 panegyri-

321 2030 426 2059 cum
456 2016 593 2060 Prob.
625 2015 854 2058 traditum
887 2027 987 2058 esse
1020 2016 1184 2058 contra
1214 2027 1394 2058 moneo,

202 2080 287 2118 232
320 2076 468 2132 foras]
502 2075 559 2118 cf.
595 2073 949 2117 adnotationem
980 2073 1106 2129 apud
1136 2073 1206 2118 Bi.
1474 2128 1476 2130 v

203 2139 288 2177 260
325 2134 565 2190 Galaesus]
601 2132 768 2188 scripsi
793 2135 976 2175 secutus
1003 2132 1333 2176 auctoritatem
1357 2130 1736 2187 Vergilianorum
1759 2129 1894 2175 codd.

323 2192 380 2236 cf.
408 2192 574 2249 Georg.
600 2191 665 2235 IV
692 2196 775 2234 126
807 2191 996 2246 (Ribb.).

203 2256 289 2295 267
324 2251 495 2308 armus]
530 2265 634 2293 cum
665 2250 901 2306 plerisque
932 2249 1128 2303 retinui3
1166 2249 1283 2292 bene
1315 2248 1440 2291 enim
1470 2248 1521 2291 in
1552 2247 1895 2292 exclamatione

320 2309 641 2354 nominativus
672 2323 757 2364 pro
789 2308 1004 2352 vocativo
1036 2307 1150 2364 poni
1180 2310 1338 2363 potest
1379 2320 1530 2362 neque
1573 2320 1775 2363 agnosco
1817 2319 1892 2350 ca-

322 2370 621 2425 cophoniam,
675 2370 817 2410 immo
876 2366 1287 2423 exaggerationem
1343 2365 1579 2421 quandam
1625 2365 1674 2409 in
1720 2371 1898 2422 tempus

320 2443 362 2472 v.
390 2432 474 2472 266
509 2431 556 2471 et
588 2441 739 2472 annus
770 2441 811 2470 v.
839 2430 938 2470 267.

653 2546 740 2598 Ad
781 2545 1133 2598 Claudianum
1171 2545 1441 2597 maiorem.

788 2646 970 2690 Notae
1002 2645 1298 2690 librorum:

300 2739 309 2764 :
344 2721 488 2765 codex
520 2720 776 2764 Vaticanus
809 2735 853 2764 n.
882 2724 996 2764 2809
1029 2719 1219 2765 membr.
1255 2733 1373 2764 saec,
1398 2719 1498 2763 ΧΠ.

299 2780 488 2824 :·codex
518 2779 755 2824 Parisinus
787 2779 869 2823 lat.
898 2783 966 2833 18,
993 2782 1078 2822 552
1111 2778 1303 2822 membr.
1339 2792 1456 2823 saec.
1481 2777 1602 2822 XIII.

300 2857 310 2882 :
344 2839 490 2882 codex
521 2838 836 2881 Bruxellensis
868 2853 911 2882 n.
939 2842 1050 2882 5381
1087 2850 1205 2882 saec.
1231 2838 1306 2882 XI.

300 2916 310 2942 z
345 2900 563 2954 excerpta
580 2897 852 2941 Florentina
875 2896 1078 2952 margini
1103 2895 1322 2941 editionis
1340 2894 1619 2939 Vicentinae
1637 2893 1894 2950 adscripta.

241 2914 289 2941 Β
247 2722 288 2882 σι’-64
