<?xml version="1.0" encoding="UTF-8"?>
<!DOCTYPE html PUBLIC "-//W3C//DTD XHTML 1.0 Transitional//EN"
    "http://www.w3.org/TR/xhtml1/DTD/xhtml1-transitional.dtd">
<html xmlns="http://www.w3.org/1999/xhtml" xml:lang="en" lang="en">
 <head>
  <title>
</title>
<meta http-equiv="Content-Type" content="text/html;charset=utf-8" />
  <meta name='ocr-system' content='tesseract 3.04.00' />
  <meta name='ocr-capabilities' content='ocr_page ocr_carea ocr_par ocr_line ocrx_word'/>
</head>
<body>
  <div class='ocr_page' id='page_1' title='image "./carmina00clauuoft_0353.png"; bbox 0 0 2044 3220; ppageno 0'>
   <div class='ocr_carea' id='block_1_1' title="bbox 114 105 1824 164">
    <p class='ocr_par' dir='ltr' id='par_1_1' title="bbox 114 105 1824 164">
     <span class='ocr_line' id='line_1_1' title="bbox 114 105 1824 164; baseline -0.001 -12"><span class='ocrx_word' id='word_1_1' title='bbox 114 107 370 164; x_wconf 67' lang='lat' dir='ltr'>(XXXVI.)</span> <span class='ocrx_word' id='word_1_2' title='bbox 402 106 482 150; x_wconf 89' lang='lat' dir='ltr'>DE</span> <span class='ocrx_word' id='word_1_3' title='bbox 516 106 720 150; x_wconf 85' lang='lat' dir='ltr'><strong>RAPTV</strong></span> <span class='ocrx_word' id='word_1_4' title='bbox 745 105 1170 150; x_wconf 74' lang='lat' dir='ltr'>PROSERPINAE</span> <span class='ocrx_word' id='word_1_5' title='bbox 1202 105 1384 149; x_wconf 84' lang='lat' dir='ltr'>LIBER</span> <span class='ocrx_word' id='word_1_6' title='bbox 1407 105 1683 151; x_wconf 63' lang='lat' dir='ltr'><strong>TERTIVS}</strong></span> <span class='ocrx_word' id='word_1_7' title='bbox 1717 105 1824 158; x_wconf 82' lang='grc'>285</span> 
     </span>
    </p>
   </div>
   <div class='ocr_carea' id='block_1_2' title="bbox 120 241 1843 2840">
    <p class='ocr_par' dir='ltr' id='par_1_2' title="bbox 120 241 1504 311">
     <span class='ocr_line' id='line_1_2' title="bbox 120 241 1504 311; baseline -0.002 -16"><span class='ocrx_word' id='word_1_8' title='bbox 120 241 373 311; x_wconf 80' lang='lat' dir='ltr'>Namque</span> <span class='ocrx_word' id='word_1_9' title='bbox 412 242 572 294; x_wconf 88' lang='lat' dir='ltr'>modo</span> <span class='ocrx_word' id='word_1_10' title='bbox 614 242 850 294; x_wconf 81' lang='lat' dir='ltr'>adversis</span> <span class='ocrx_word' id='word_1_11' title='bbox 890 241 1070 293; x_wconf 81' lang='lat' dir='ltr'>invadi</span> <span class='ocrx_word' id='word_1_12' title='bbox 1110 241 1314 293; x_wconf 75' lang='lat' dir='ltr'>viscera</span> <span class='ocrx_word' id='word_1_13' title='bbox 1354 241 1504 311; x_wconf 78' lang='lat' dir='ltr'>telis,</span> 
     </span>
    </p>

    <p class='ocr_par' dir='ltr' id='par_1_3' title="bbox 120 315 1510 386">
     <span class='ocr_line' id='line_1_3' title="bbox 120 315 1510 386; baseline -0.001 -17"><span class='ocrx_word' id='word_1_14' title='bbox 120 316 285 369; x_wconf 90' lang='lat' dir='ltr'>Nunc</span> <span class='ocrx_word' id='word_1_15' title='bbox 325 316 430 368; x_wconf 89' lang='lat' dir='ltr'>sibi</span> <span class='ocrx_word' id='word_1_16' title='bbox 470 320 706 368; x_wconf 87' lang='lat' dir='ltr'>mutatas</span> <span class='ocrx_word' id='word_1_17' title='bbox 746 316 931 368; x_wconf 88' lang='lat' dir='ltr'>horret</span> <span class='ocrx_word' id='word_1_18' title='bbox 969 315 1272 386; x_wconf 88' lang='lat' dir='ltr'>nigrescere</span> <span class='ocrx_word' id='word_1_19' title='bbox 1310 319 1510 384; x_wconf 78' lang='lat' dir='ltr'>vesteS‚</span> 
     </span>
    </p>

    <p class='ocr_par' dir='ltr' id='par_1_4' title="bbox 122 389 1601 533">
     <span class='ocr_line' id='line_1_4' title="bbox 122 389 1601 458; baseline -0.001 -15"><span class='ocrx_word' id='word_1_20' title='bbox 122 389 285 443; x_wconf 88' lang='lat' dir='ltr'>Nunc</span> <span class='ocrx_word' id='word_1_21' title='bbox 326 390 535 442; x_wconf 89' lang='lat' dir='ltr'>steriles</span> <span class='ocrx_word' id='word_1_22' title='bbox 575 390 765 442; x_wconf 88' lang='lat' dir='ltr'>mediis</span> <span class='ocrx_word' id='word_1_23' title='bbox 805 389 1052 441; x_wconf 85' lang='lat' dir='ltr'>frondere</span> <span class='ocrx_word' id='word_1_24' title='bbox 1091 389 1382 458; x_wconf 89' lang='lat' dir='ltr'>penatibus</span> <span class='ocrx_word' id='word_1_25' title='bbox 1426 408 1601 442; x_wconf 80' lang='lat' dir='ltr'>ornos,</span> 
     </span>
     <span class='ocr_line' id='line_1_5' title="bbox 124 463 1276 533; baseline -0.002 -17"><span class='ocrx_word' id='word_1_26' title='bbox 124 463 321 517; x_wconf 82' lang='lat' dir='ltr'>Stabat</span> <span class='ocrx_word' id='word_1_27' title='bbox 360 468 636 533; x_wconf 88' lang='lat' dir='ltr'>praeterea</span> <span class='ocrx_word' id='word_1_28' title='bbox 675 465 797 516; x_wconf 90' lang='lat' dir='ltr'>luco</span> <span class='ocrx_word' id='word_1_29' title='bbox 840 463 1088 515; x_wconf 72' lang='lat' dir='ltr'>dilectior</span> <span class='ocrx_word' id='word_1_30' title='bbox 1129 464 1276 515; x_wconf 85' lang='lat' dir='ltr'>omni</span> 
     </span>
    </p>

    <p class='ocr_par' dir='ltr' id='par_1_5' title="bbox 124 537 1828 679">
     <span class='ocr_line' id='line_1_6' title="bbox 127 537 1828 610; baseline 0 -20"><span class='ocrx_word' id='word_1_31' title='bbox 127 538 362 608; x_wconf 63' lang='lat' dir='ltr'>Laurus7</span> <span class='ocrx_word' id='word_1_32' title='bbox 401 539 675 610; x_wconf 85' lang='lat' dir='ltr'>virgineos</span> <span class='ocrx_word' id='word_1_33' title='bbox 716 538 988 606; x_wconf 87' lang='lat' dir='ltr'>quondam</span> <span class='ocrx_word' id='word_1_34' title='bbox 1029 556 1164 605; x_wconf 86' lang='lat' dir='ltr'>quae</span> <span class='ocrx_word' id='word_1_35' title='bbox 1204 537 1393 589; x_wconf 78' lang='lat' dir='ltr'>fronde</span> <span class='ocrx_word' id='word_1_36' title='bbox 1432 537 1626 606; x_wconf 88' lang='lat' dir='ltr'>pudica</span> <span class='ocrx_word' id='word_1_37' title='bbox 1774 550 1828 590; x_wconf 72' lang='lat'>75</span> 
     </span>
     <span class='ocr_line' id='line_1_7' title="bbox 124 611 1569 679; baseline -0.001 -14"><span class='ocrx_word' id='word_1_38' title='bbox 124 612 430 665; x_wconf 88' lang='lat' dir='ltr'>Vmbrabat</span> <span class='ocrx_word' id='word_1_39' title='bbox 469 614 760 665; x_wconf 72' lang='lat' dir='ltr'>thalamos:</span> <span class='ocrx_word' id='word_1_40' title='bbox 801 612 942 664; x_wconf 91' lang='lat' dir='ltr'>hanc</span> <span class='ocrx_word' id='word_1_41' title='bbox 981 611 1090 663; x_wconf 93' lang='lat' dir='ltr'>imo</span> <span class='ocrx_word' id='word_1_42' title='bbox 1134 611 1319 679; x_wconf 85' lang='lat' dir='ltr'>stipite</span> <span class='ocrx_word' id='word_1_43' title='bbox 1361 630 1569 664; x_wconf 79' lang='lat' dir='ltr'>caesam</span> 
     </span>
    </p>

    <p class='ocr_par' dir='ltr' id='par_1_6' title="bbox 124 685 1561 903">
     <span class='ocr_line' id='line_1_8' title="bbox 124 685 1441 756; baseline -0.002 -18"><span class='ocrx_word' id='word_1_44' title='bbox 124 686 280 739; x_wconf 88' lang='lat' dir='ltr'>Vidit</span> <span class='ocrx_word' id='word_1_45' title='bbox 322 691 374 739; x_wconf 90' lang='lat' dir='ltr'>et</span> <span class='ocrx_word' id='word_1_46' title='bbox 414 687 719 756; x_wconf 89' lang='lat' dir='ltr'>incomptos</span> <span class='ocrx_word' id='word_1_47' title='bbox 759 685 965 738; x_wconf 83' lang='lat' dir='ltr'>foedari</span> <span class='ocrx_word' id='word_1_48' title='bbox 1002 686 1222 755; x_wconf 82' lang='lat' dir='ltr'>pulvere</span> <span class='ocrx_word' id='word_1_49' title='bbox 1262 704 1441 737; x_wconf 88' lang='lat' dir='ltr'>ramos</span> 
     </span>
     <span class='ocr_line' id='line_1_9' title="bbox 126 759 1561 830; baseline -0.001 -17"><span class='ocrx_word' id='word_1_50' title='bbox 126 760 513 830; x_wconf 82' lang='lat' dir='ltr'>Quaesivitque</span> <span class='ocrx_word' id='word_1_51' title='bbox 550 761 718 813; x_wconf 84' lang='lat' dir='ltr'>nefas.</span> <span class='ocrx_word' id='word_1_52' title='bbox 781 760 1025 829; x_wconf 78' lang='lat' dir='ltr'>Dryades</span> <span class='ocrx_word' id='word_1_53' title='bbox 1067 759 1247 811; x_wconf 81' lang='lat' dir='ltr'>dixere</span> <span class='ocrx_word' id='word_1_54' title='bbox 1287 763 1561 830; x_wconf 76' lang='lat' dir='ltr'>gementes</span> 
     </span>
     <span class='ocr_line' id='line_1_10' title="bbox 125 834 1284 903; baseline -0.002 -16"><span class='ocrx_word' id='word_1_55' title='bbox 125 835 383 887; x_wconf 88' lang='lat' dir='ltr'>Tartarea</span> <span class='ocrx_word' id='word_1_56' title='bbox 421 835 614 888; x_wconf 89' lang='lat' dir='ltr'>Furias</span> <span class='ocrx_word' id='word_1_57' title='bbox 656 835 1009 887; x_wconf 81' lang='lat' dir='ltr'>debellavisse</span> <span class='ocrx_word' id='word_1_58' title='bbox 1048 834 1284 903; x_wconf 75' lang='lat' dir='ltr'>bipenni.</span> 
     </span>
    </p>

    <p class='ocr_par' dir='ltr' id='par_1_7' title="bbox 238 907 1831 979">
     <span class='ocr_line' id='line_1_11' title="bbox 238 907 1831 979; baseline -0.002 -17"><span class='ocrx_word' id='word_1_59' title='bbox 238 909 343 962; x_wconf 84' lang='lat' dir='ltr'>Sed</span> <span class='ocrx_word' id='word_1_60' title='bbox 380 914 510 962; x_wconf 92' lang='lat' dir='ltr'>tunc</span> <span class='ocrx_word' id='word_1_61' title='bbox 548 910 666 979; x_wconf 89' lang='lat' dir='ltr'>ipsa</span> <span class='ocrx_word' id='word_1_62' title='bbox 707 910 790 962; x_wconf 88' lang='lat' dir='ltr'>sui</span> <span class='ocrx_word' id='word_1_63' title='bbox 828 909 937 961; x_wconf 88' lang='lat' dir='ltr'>iam</span> <span class='ocrx_word' id='word_1_64' title='bbox 974 927 1087 961; x_wconf 94' lang='lat' dir='ltr'>non</span> <span class='ocrx_word' id='word_1_65' title='bbox 1126 908 1446 979; x_wconf 83' lang='lat' dir='ltr'>ambagibus</span> <span class='ocrx_word' id='word_1_66' title='bbox 1486 907 1614 959; x_wconf 87' lang='lat' dir='ltr'>ullis</span> <span class='ocrx_word' id='word_1_67' title='bbox 1775 921 1831 960; x_wconf 79' lang='lat'>80</span> 
     </span>
    </p>

    <p class='ocr_par' dir='ltr' id='par_1_8' title="bbox 122 983 1324 1054">
     <span class='ocr_line' id='line_1_12' title="bbox 122 983 1324 1054; baseline -0.002 -18"><span class='ocrx_word' id='word_1_68' title='bbox 122 983 337 1036; x_wconf 88' lang='lat' dir='ltr'>Nuntia</span> <span class='ocrx_word' id='word_1_69' title='bbox 376 988 620 1036; x_wconf 85' lang='lat' dir='ltr'>materno</span> <span class='ocrx_word' id='word_1_70' title='bbox 661 984 825 1036; x_wconf 84' lang='lat' dir='ltr'>facies</span> <span class='ocrx_word' id='word_1_71' title='bbox 865 983 1079 1054; x_wconf 90' lang='lat' dir='ltr'>ingesta</span> <span class='ocrx_word' id='word_1_72' title='bbox 1120 983 1324 1051; x_wconf 89' lang='lat' dir='ltr'>sopori:</span> 
     </span>
    </p>

    <p class='ocr_par' dir='ltr' id='par_1_9' title="bbox 129 1057 1542 1127">
     <span class='ocr_line' id='line_1_13' title="bbox 129 1057 1542 1127; baseline -0.001 -17"><span class='ocrx_word' id='word_1_73' title='bbox 129 1057 380 1127; x_wconf 87' lang='lat' dir='ltr'>Namque</span> <span class='ocrx_word' id='word_1_74' title='bbox 418 1058 703 1110; x_wconf 83' lang='lat' dir='ltr'>videbatur</span> <span class='ocrx_word' id='word_1_75' title='bbox 741 1058 1031 1110; x_wconf 90' lang='lat' dir='ltr'>tenebroso</span> <span class='ocrx_word' id='word_1_76' title='bbox 1074 1057 1289 1110; x_wconf 89' lang='lat' dir='ltr'>obtecta</span> <span class='ocrx_word' id='word_1_77' title='bbox 1329 1075 1542 1108; x_wconf 90' lang='lat' dir='ltr'>recessu</span> 
     </span>
    </p>

    <p class='ocr_par' dir='ltr' id='par_1_10' title="bbox 134 1131 1539 1202">
     <span class='ocr_line' id='line_1_14' title="bbox 134 1131 1539 1202; baseline -0.001 -18"><span class='ocrx_word' id='word_1_78' title='bbox 134 1131 376 1185; x_wconf 82' lang='lat' dir='ltr'>Carceris</span> <span class='ocrx_word' id='word_1_79' title='bbox 418 1136 469 1184; x_wconf 92' lang='lat' dir='ltr'>et</span> <span class='ocrx_word' id='word_1_80' title='bbox 511 1133 684 1185; x_wconf 81' lang='lat' dir='ltr'>saevis</span> <span class='ocrx_word' id='word_1_81' title='bbox 723 1132 1050 1202; x_wconf 86' lang='lat' dir='ltr'>Proserpina</span> <span class='ocrx_word' id='word_1_82' title='bbox 1089 1132 1269 1184; x_wconf 72' lang='lat' dir='ltr'>vincta</span> <span class='ocrx_word' id='word_1_83' title='bbox 1312 1132 1539 1201; x_wconf 73' lang='lat' dir='ltr'>catenis,</span> 
     </span>
    </p>

    <p class='ocr_par' dir='ltr' id='par_1_11' title="bbox 124 1205 1489 1275">
     <span class='ocr_line' id='line_1_15' title="bbox 124 1205 1489 1275; baseline -0.002 -16"><span class='ocrx_word' id='word_1_84' title='bbox 124 1206 256 1259; x_wconf 87' lang='lat' dir='ltr'>Non</span> <span class='ocrx_word' id='word_1_85' title='bbox 296 1207 510 1275; x_wconf 89' lang='lat' dir='ltr'>qualem</span> <span class='ocrx_word' id='word_1_86' title='bbox 550 1207 747 1260; x_wconf 80' lang='lat' dir='ltr'>Siculis</span> <span class='ocrx_word' id='word_1_87' title='bbox 789 1207 921 1259; x_wconf 90' lang='lat' dir='ltr'>olim</span> <span class='ocrx_word' id='word_1_88' title='bbox 959 1207 1305 1258; x_wconf 83' lang='lat' dir='ltr'>mandaverat</span> <span class='ocrx_word' id='word_1_89' title='bbox 1348 1205 1489 1257; x_wconf 80' lang='lat' dir='ltr'>arvis</span> 
     </span>
    </p>

    <p class='ocr_par' dir='ltr' id='par_1_12' title="bbox 127 1279 1832 1424">
     <span class='ocr_line' id='line_1_16' title="bbox 127 1279 1832 1350; baseline -0.002 -16"><span class='ocrx_word' id='word_1_90' title='bbox 127 1280 244 1334; x_wconf 90' lang='lat' dir='ltr'>Nec</span> <span class='ocrx_word' id='word_1_91' title='bbox 284 1281 498 1349; x_wconf 89' lang='lat' dir='ltr'>qualem</span> <span class='ocrx_word' id='word_1_92' title='bbox 537 1282 708 1334; x_wconf 89' lang='lat' dir='ltr'>roseis</span> <span class='ocrx_word' id='word_1_93' title='bbox 746 1300 918 1350; x_wconf 90' lang='lat' dir='ltr'>nuper</span> <span class='ocrx_word' id='word_1_94' title='bbox 959 1280 1296 1333; x_wconf 81' lang='lat' dir='ltr'>convallibus</span> <span class='ocrx_word' id='word_1_95' title='bbox 1336 1279 1560 1331; x_wconf 83' lang='lat' dir='ltr'>Hennae</span> <span class='ocrx_word' id='word_1_96' title='bbox 1777 1292 1832 1331; x_wconf 79' lang='lat'>85</span> 
     </span>
     <span class='ocr_line' id='line_1_17' title="bbox 129 1354 1432 1424; baseline -0.003 -15"><span class='ocrx_word' id='word_1_97' title='bbox 129 1354 428 1424; x_wconf 81' lang='lat' dir='ltr'>Suspexere</span> <span class='ocrx_word' id='word_1_98' title='bbox 469 1356 617 1408; x_wconf 88' lang='lat' dir='ltr'>deae:</span> <span class='ocrx_word' id='word_1_99' title='bbox 656 1356 943 1424; x_wconf 64' lang='lat' dir='ltr'>‘squalebat</span> <span class='ocrx_word' id='word_1_100' title='bbox 982 1355 1262 1424; x_wconf 84' lang='lat' dir='ltr'>pulchrior</span> <span class='ocrx_word' id='word_1_101' title='bbox 1302 1373 1432 1406; x_wconf 82' lang='lat' dir='ltr'>auro</span> 
     </span>
    </p>

    <p class='ocr_par' dir='ltr' id='par_1_13' title="bbox 126 1428 1835 1870">
     <span class='ocr_line' id='line_1_18' title="bbox 133 1428 1460 1499; baseline -0.001 -18"><span class='ocrx_word' id='word_1_102' title='bbox 133 1428 407 1481; x_wconf 85' lang='lat' dir='ltr'>Caesaries</span> <span class='ocrx_word' id='word_1_103' title='bbox 448 1433 500 1482; x_wconf 90' lang='lat' dir='ltr'>et</span> <span class='ocrx_word' id='word_1_104' title='bbox 538 1449 648 1482; x_wconf 79' lang='lat' dir='ltr'>nox</span> <span class='ocrx_word' id='word_1_105' title='bbox 689 1431 969 1482; x_wconf 82' lang='lat' dir='ltr'>oculorum</span> <span class='ocrx_word' id='word_1_106' title='bbox 1009 1430 1268 1481; x_wconf 72' lang='lat' dir='ltr'>infecerat</span> <span class='ocrx_word' id='word_1_107' title='bbox 1307 1428 1460 1499; x_wconf 91' lang='lat' dir='ltr'>ignes</span> 
     </span>
     <span class='ocr_line' id='line_1_19' title="bbox 127 1502 1551 1585; baseline -0.002 -29"><span class='ocrx_word' id='word_1_108' title='bbox 127 1503 553 1572; x_wconf 81' lang='lat' dir='ltr'>Exhaustusque</span> <span class='ocrx_word' id='word_1_109' title='bbox 593 1504 719 1575; x_wconf 92' lang='lat' dir='ltr'>gelu</span> <span class='ocrx_word' id='word_1_110' title='bbox 758 1504 927 1572; x_wconf 89' lang='lat' dir='ltr'>pallet</span> <span class='ocrx_word' id='word_1_111' title='bbox 967 1504 1155 1574; x_wconf 82' lang='grc'>1··111)01,</span> <span class='ocrx_word' id='word_1_112' title='bbox 1196 1504 1289 1555; x_wconf 91' lang='grc'>1110</span> <span class='ocrx_word' id='word_1_113' title='bbox 1332 1502 1551 1585; x_wconf 78' lang='lat' dir='ltr'>superbi</span> 
     </span>
     <span class='ocr_line' id='line_1_20' title="bbox 126 1577 1574 1648; baseline -0.001 -18"><span class='ocrx_word' id='word_1_114' title='bbox 126 1577 436 1630; x_wconf 84' lang='lat' dir='ltr'>Flammeus</span> <span class='ocrx_word' id='word_1_115' title='bbox 478 1579 588 1630; x_wconf 90' lang='lat' dir='ltr'>oris</span> <span class='ocrx_word' id='word_1_116' title='bbox 628 1579 825 1648; x_wconf 90' lang='lat' dir='ltr'>honos</span> <span class='ocrx_word' id='word_1_117' title='bbox 867 1581 919 1630; x_wconf 92' lang='lat' dir='ltr'>et</span> <span class='ocrx_word' id='word_1_118' title='bbox 958 1597 1070 1630; x_wconf 94' lang='lat' dir='ltr'>non</span> <span class='ocrx_word' id='word_1_119' title='bbox 1110 1595 1324 1629; x_wconf 89' lang='lat' dir='ltr'>cessura</span> <span class='ocrx_word' id='word_1_120' title='bbox 1363 1577 1574 1645; x_wconf 91' lang='lat' dir='ltr'>pruinis</span> 
     </span>
     <span class='ocr_line' id='line_1_21' title="bbox 127 1623 1835 1723; baseline -0.001 -19"><span class='ocrx_word' id='word_1_121' title='bbox 127 1652 373 1704; x_wconf 91' lang='lat' dir='ltr'>Membra</span> <span class='ocrx_word' id='word_1_122' title='bbox 414 1653 727 1705; x_wconf 83' lang='lat' dir='ltr'>colorantur</span> <span class='ocrx_word' id='word_1_123' title='bbox 764 1623 903 1722; x_wconf 84' lang='lat' dir='ltr'>picei</span> <span class='ocrx_word' id='word_1_124' title='bbox 945 1651 1174 1723; x_wconf 85' lang='lat' dir='ltr'>caligine</span> <span class='ocrx_word' id='word_1_125' title='bbox 1213 1651 1380 1722; x_wconf 86' lang='lat' dir='ltr'>regni</span> <span class='ocrx_word' id='word_1_126' title='bbox 1780 1663 1835 1703; x_wconf 81' lang='lat'>90</span> 
     </span>
     <span class='ocr_line' id='line_1_22' title="bbox 127 1725 1650 1798; baseline -0.002 -19"><span class='ocrx_word' id='word_1_127' title='bbox 127 1726 281 1798; x_wconf 83' lang='lat' dir='ltr'>Ergo</span> <span class='ocrx_word' id='word_1_128' title='bbox 321 1727 461 1779; x_wconf 88' lang='lat' dir='ltr'>hanc</span> <span class='ocrx_word' id='word_1_129' title='bbox 499 1730 562 1779; x_wconf 93' lang='lat' dir='ltr'>ut</span> <span class='ocrx_word' id='word_1_130' title='bbox 603 1727 767 1779; x_wconf 92' lang='lat' dir='ltr'>dubio</span> <span class='ocrx_word' id='word_1_131' title='bbox 808 1727 901 1779; x_wconf 79' lang='lat' dir='ltr'>vix</span> <span class='ocrx_word' id='word_1_132' title='bbox 939 1727 1157 1779; x_wconf 89' lang='lat' dir='ltr'>tandem</span> <span class='ocrx_word' id='word_1_133' title='bbox 1198 1743 1488 1796; x_wconf 83' lang='lat' dir='ltr'>agnoscere</span> <span class='ocrx_word' id='word_1_134' title='bbox 1528 1725 1650 1777; x_wconf 85' lang='lat' dir='ltr'>visu</span> 
     </span>
     <span class='ocr_line' id='line_1_23' title="bbox 130 1799 1559 1870; baseline -0.001 -17"><span class='ocrx_word' id='word_1_135' title='bbox 130 1801 375 1853; x_wconf 84' lang='lat' dir='ltr'>Evaluit:</span> <span class='ocrx_word' id='word_1_136' title='bbox 444 1801 632 1854; x_wconf 84' lang='lat' dir='ltr'>Cuius</span> <span class='ocrx_word' id='word_1_137' title='bbox 672 1805 757 1854; x_wconf 92' lang='lat' dir='ltr'>tot</span> <span class='ocrx_word' id='word_1_138' title='bbox 796 1820 1000 1870; x_wconf 90' lang='lat' dir='ltr'>poenae</span> <span class='ocrx_word' id='word_1_139' title='bbox 1042 1801 1340 1853; x_wconf 80' lang='lat' dir='ltr'>criminis‘?&#39;</span> <span class='ocrx_word' id='word_1_140' title='bbox 1379 1799 1559 1868; x_wconf 88' lang='lat' dir='ltr'>inquit</span> 
     </span>
    </p>

    <p class='ocr_par' dir='ltr' id='par_1_14' title="bbox 132 1875 1644 1943">
     <span class='ocr_line' id='line_1_24' title="bbox 132 1875 1644 1943; baseline -0.001 -15"><span class='ocrx_word' id='word_1_141' title='bbox 132 1875 308 1928; x_wconf 69' lang='lat' dir='ltr'>‘Vnde</span> <span class='ocrx_word' id='word_1_142' title='bbox 346 1875 478 1927; x_wconf 90' lang='lat' dir='ltr'>haec</span> <span class='ocrx_word' id='word_1_143' title='bbox 516 1876 765 1928; x_wconf 82' lang='lat' dir='ltr'>informis</span> <span class='ocrx_word' id='word_1_144' title='bbox 804 1876 1042 1928; x_wconf 76' lang='lat' dir='ltr'>macies?</span> <span class='ocrx_word' id='word_1_145' title='bbox 1084 1875 1168 1927; x_wconf 83' lang='lat' dir='ltr'>cui</span> <span class='ocrx_word' id='word_1_146' title='bbox 1208 1878 1362 1927; x_wconf 88' lang='lat' dir='ltr'>tanta</span> <span class='ocrx_word' id='word_1_147' title='bbox 1401 1877 1644 1943; x_wconf 86' lang='lat' dir='ltr'>potestas</span> 
     </span>
    </p>

    <p class='ocr_par' dir='ltr' id='par_1_15' title="bbox 131 1948 1465 2021">
     <span class='ocr_line' id='line_1_25' title="bbox 131 1948 1465 2021; baseline -0.002 -19"><span class='ocrx_word' id='word_1_148' title='bbox 131 1949 202 2003; x_wconf 80' lang='lat' dir='ltr'>In</span> <span class='ocrx_word' id='word_1_149' title='bbox 238 1968 324 2002; x_wconf 93' lang='lat' dir='ltr'>me</span> <span class='ocrx_word' id='word_1_150' title='bbox 365 1949 658 2002; x_wconf 77' lang='lat' dir='ltr'>saevitiae?</span> <span class='ocrx_word' id='word_1_151' title='bbox 720 1950 907 2021; x_wconf 87' lang='lat' dir='ltr'>Rigidi</span> <span class='ocrx_word' id='word_1_152' title='bbox 948 1969 1041 2002; x_wconf 88' lang='lat' dir='ltr'>cur</span> <span class='ocrx_word' id='word_1_153' title='bbox 1079 1950 1295 2002; x_wconf 84' lang='lat' dir='ltr'>vincula</span> <span class='ocrx_word' id='word_1_154' title='bbox 1336 1948 1465 2000; x_wconf 83' lang='lat' dir='ltr'>ferri</span> 
     </span>
    </p>

    <p class='ocr_par' dir='ltr' id='par_1_16' title="bbox 130 2023 1838 2168">
     <span class='ocr_line' id='line_1_26' title="bbox 130 2023 1838 2093; baseline -0.002 -16"><span class='ocrx_word' id='word_1_155' title='bbox 130 2024 242 2077; x_wconf 86' lang='lat' dir='ltr'>Vix</span> <span class='ocrx_word' id='word_1_156' title='bbox 283 2024 515 2093; x_wconf 86' lang='lat' dir='ltr'>aptanda</span> <span class='ocrx_word' id='word_1_157' title='bbox 554 2025 684 2077; x_wconf 84' lang='lat' dir='ltr'>feris</span> <span class='ocrx_word' id='word_1_158' title='bbox 724 2025 916 2077; x_wconf 89' lang='lat' dir='ltr'>molles</span> <span class='ocrx_word' id='word_1_159' title='bbox 955 2043 1196 2076; x_wconf 88' lang='lat' dir='ltr'>meruere</span> <span class='ocrx_word' id='word_1_160' title='bbox 1234 2023 1461 2075; x_wconf 83' lang='lat' dir='ltr'>lacerti?</span> <span class='ocrx_word' id='word_1_161' title='bbox 1782 2035 1838 2075; x_wconf 84' lang='lat'>95</span> 
     </span>
     <span class='ocr_line' id='line_1_27' title="bbox 131 2097 1607 2169; baseline -0.002 -18"><span class='ocrx_word' id='word_1_162' title='bbox 131 2098 216 2151; x_wconf 86' lang='lat' dir='ltr'>Tu</span> <span class='ocrx_word' id='word_1_163' title='bbox 254 2117 394 2169; x_wconf 74' lang='lat' dir='ltr'>mea,</span> <span class='ocrx_word' id='word_1_164' title='bbox 434 2102 496 2151; x_wconf 90' lang='lat' dir='ltr'>tu</span> <span class='ocrx_word' id='word_1_165' title='bbox 535 2099 753 2168; x_wconf 77' lang='lat' dir='ltr'>proles?</span> <span class='ocrx_word' id='word_1_166' title='bbox 794 2118 863 2150; x_wconf 92' lang='lat' dir='ltr'>an</span> <span class='ocrx_word' id='word_1_167' title='bbox 900 2117 1037 2151; x_wconf 85' lang='lat' dir='ltr'>vana</span> <span class='ocrx_word' id='word_1_168' title='bbox 1077 2098 1321 2150; x_wconf 85' lang='lat' dir='ltr'>fallimur</span> <span class='ocrx_word' id='word_1_169' title='bbox 1358 2097 1607 2149; x_wconf 54' lang='lat' dir='ltr'>umbra?</span> 
     </span>
    </p>

    <p class='ocr_par' dir='ltr' id='par_1_17' title="bbox 130 2172 1839 2764">
     <span class='ocr_line' id='line_1_28' title="bbox 244 2172 1839 2242; baseline -0.001 -17"><span class='ocrx_word' id='word_1_170' title='bbox 244 2172 348 2225; x_wconf 86' lang='lat' dir='ltr'>Illa</span> <span class='ocrx_word' id='word_1_171' title='bbox 387 2174 577 2226; x_wconf 87' lang='lat' dir='ltr'>refert:</span> <span class='ocrx_word' id='word_1_172' title='bbox 656 2173 798 2225; x_wconf 93' lang='lat' dir='ltr'>Heu</span> <span class='ocrx_word' id='word_1_173' title='bbox 839 2173 953 2224; x_wconf 89' lang='lat' dir='ltr'>dira</span> <span class='ocrx_word' id='word_1_174' title='bbox 993 2191 1187 2242; x_wconf 90' lang='lat' dir='ltr'>parens</span> <span class='ocrx_word' id='word_1_175' title='bbox 1226 2175 1493 2240; x_wconf 89' lang='lat' dir='ltr'>nataeque</span> <span class='ocrx_word' id='word_1_176' title='bbox 1531 2175 1839 2241; x_wconf 84' lang='lat' dir='ltr'>peremptae</span> 
     </span>
     <span class='ocr_line' id='line_1_29' title="bbox 130 2247 1668 2318; baseline -0.001 -18"><span class='ocrx_word' id='word_1_177' title='bbox 130 2247 426 2300; x_wconf 76' lang='lat' dir='ltr'>Inmemor!</span> <span class='ocrx_word' id='word_1_178' title='bbox 465 2248 572 2300; x_wconf 91' lang='lat' dir='ltr'>heu</span> <span class='ocrx_word' id='word_1_179' title='bbox 610 2248 788 2301; x_wconf 75' lang='lat' dir='ltr'>fulvas</span> <span class='ocrx_word' id='word_1_180' title='bbox 830 2247 1010 2299; x_wconf 92' lang='lat' dir='ltr'>animo</span> <span class='ocrx_word' id='word_1_181' title='bbox 1049 2251 1389 2318; x_wconf 87' lang='lat' dir='ltr'>transgressa</span> <span class='ocrx_word' id='word_1_182' title='bbox 1428 2247 1668 2299; x_wconf 78' lang='lat' dir='ltr'>leaenas!</span> 
     </span>
     <span class='ocr_line' id='line_1_30' title="bbox 132 2321 1476 2374; baseline -0.001 0"><span class='ocrx_word' id='word_1_183' title='bbox 132 2322 378 2374; x_wconf 87' lang='lat' dir='ltr'>Tantane</span> <span class='ocrx_word' id='word_1_184' title='bbox 416 2326 470 2374; x_wconf 91' lang='lat' dir='ltr'>te</span> <span class='ocrx_word' id='word_1_185' title='bbox 509 2323 686 2374; x_wconf 88' lang='lat' dir='ltr'>nostri</span> <span class='ocrx_word' id='word_1_186' title='bbox 724 2326 944 2374; x_wconf 89' lang='lat' dir='ltr'>tenuere</span> <span class='ocrx_word' id='word_1_187' title='bbox 985 2321 1222 2374; x_wconf 76' lang='lat' dir='ltr'>oblivia?</span> <span class='ocrx_word' id='word_1_188' title='bbox 1262 2325 1476 2373; x_wconf 90' lang='lat' dir='ltr'>tantum</span> 
     </span>
     <span class='ocr_line' id='line_1_31' title="bbox 132 2396 1839 2466; baseline 0.001 -18"><span class='ocrx_word' id='word_1_189' title='bbox 132 2396 310 2449; x_wconf 86' lang='lat' dir='ltr'>Vnica</span> <span class='ocrx_word' id='word_1_190' title='bbox 351 2397 655 2466; x_wconf 78' lang='lat' dir='ltr'>despicior?</span> <span class='ocrx_word' id='word_1_191' title='bbox 721 2396 876 2449; x_wconf 84' lang='lat' dir='ltr'>Certe</span> <span class='ocrx_word' id='word_1_192' title='bbox 914 2397 1240 2465; x_wconf 90' lang='lat' dir='ltr'>Proserpina</span> <span class='ocrx_word' id='word_1_193' title='bbox 1276 2414 1476 2448; x_wconf 92' lang='lat' dir='ltr'>nomen</span> <span class='ocrx_word' id='word_1_194' title='bbox 1756 2410 1839 2449; x_wconf 91' lang='grc'>100</span> 
     </span>
     <span class='ocr_line' id='line_1_32' title="bbox 133 2469 1524 2541; baseline -0.001 -18"><span class='ocrx_word' id='word_1_195' title='bbox 133 2471 307 2523; x_wconf 84' lang='lat' dir='ltr'>Dulce</span> <span class='ocrx_word' id='word_1_196' title='bbox 345 2471 470 2541; x_wconf 78' lang='lat' dir='ltr'>tibi,</span> <span class='ocrx_word' id='word_1_197' title='bbox 509 2471 608 2523; x_wconf 89' lang='lat' dir='ltr'>tali</span> <span class='ocrx_word' id='word_1_198' title='bbox 649 2490 784 2540; x_wconf 88' lang='lat' dir='ltr'>quae</span> <span class='ocrx_word' id='word_1_199' title='bbox 823 2490 994 2541; x_wconf 90' lang='grc'>1111110,</span> <span class='ocrx_word' id='word_1_200' title='bbox 1033 2474 1094 2523; x_wconf 88' lang='lat' dir='ltr'>ut</span> <span class='ocrx_word' id='word_1_201' title='bbox 1137 2470 1331 2540; x_wconf 90' lang='grc'>0011113,</span> <span class='ocrx_word' id='word_1_202' title='bbox 1369 2469 1524 2522; x_wconf 86' lang='lat' dir='ltr'>hiatu</span> 
     </span>
     <span class='ocr_line' id='line_1_33' title="bbox 136 2544 1483 2615; baseline -0.001 -18"><span class='ocrx_word' id='word_1_203' title='bbox 136 2545 431 2615; x_wconf 83' lang='lat' dir='ltr'>Suppliciis</span> <span class='ocrx_word' id='word_1_204' title='bbox 471 2546 680 2598; x_wconf 87' lang='lat' dir='ltr'>inclusa</span> <span class='ocrx_word' id='word_1_205' title='bbox 718 2548 887 2598; x_wconf 82' lang='lat' dir='ltr'>teror!</span> <span class='ocrx_word' id='word_1_206' title='bbox 951 2546 1033 2597; x_wconf 88' lang='lat' dir='ltr'>Tu</span> <span class='ocrx_word' id='word_1_207' title='bbox 1075 2564 1231 2597; x_wconf 86' lang='lat' dir='ltr'>saeva</span> <span class='ocrx_word' id='word_1_208' title='bbox 1273 2544 1483 2597; x_wconf 84' lang='lat' dir='ltr'>choreis</span> 
     </span>
     <span class='ocr_line' id='line_1_34' title="bbox 136 2618 1686 2692; baseline -0.001 -21"><span class='ocrx_word' id='word_1_209' title='bbox 136 2618 432 2691; x_wconf 77' lang='lat' dir='ltr'>Indulges‘?</span> <span class='ocrx_word' id='word_1_210' title='bbox 491 2620 760 2692; x_wconf 83' lang='lat' dir='ltr'>Phrygias</span> <span class='ocrx_word' id='word_1_211' title='bbox 799 2621 886 2673; x_wconf 82' lang='lat' dir='ltr'>vel</span> <span class='ocrx_word' id='word_1_212' title='bbox 923 2639 1067 2672; x_wconf 87' lang='lat' dir='ltr'>nunc</span> <span class='ocrx_word' id='word_1_213' title='bbox 1105 2619 1448 2688; x_wconf 88' lang='lat' dir='ltr'>interstrepis</span> <span class='ocrx_word' id='word_1_214' title='bbox 1486 2619 1686 2671; x_wconf 76' lang='lat' dir='ltr'>urbes?</span> 
     </span>
     <span class='ocr_line' id='line_1_35' title="bbox 140 2693 1588 2764; baseline 0 -19"><span class='ocrx_word' id='word_1_215' title='bbox 140 2693 345 2756; x_wconf 81' lang='lat' dir='ltr'>Quodsi</span> <span class='ocrx_word' id='word_1_216' title='bbox 382 2713 495 2747; x_wconf 94' lang='lat' dir='ltr'>non</span> <span class='ocrx_word' id='word_1_217' title='bbox 534 2713 747 2747; x_wconf 89' lang='lat' dir='ltr'>omnem</span> <span class='ocrx_word' id='word_1_218' title='bbox 785 2694 1044 2764; x_wconf 88' lang='lat' dir='ltr'>pepulisti</span> <span class='ocrx_word' id='word_1_219' title='bbox 1083 2697 1299 2763; x_wconf 87' lang='lat' dir='ltr'>pectore</span> <span class='ocrx_word' id='word_1_220' title='bbox 1338 2696 1588 2764; x_wconf 76' lang='lat' dir='ltr'>matrem,</span> 
     </span>
    </p>

    <p class='ocr_par' dir='ltr' id='par_1_18' title="bbox 139 2767 1843 2840">
     <span class='ocr_line' id='line_1_36' title="bbox 139 2767 1843 2840; baseline 0.001 -21"><span class='ocrx_word' id='word_1_221' title='bbox 139 2767 199 2820; x_wconf 84' lang='lat' dir='ltr'>Si</span> <span class='ocrx_word' id='word_1_222' title='bbox 238 2771 332 2820; x_wconf 90' lang='lat' dir='ltr'>tua</span> <span class='ocrx_word' id='word_1_223' title='bbox 370 2772 521 2839; x_wconf 75' lang='lat' dir='ltr'>nata,</span> <span class='ocrx_word' id='word_1_224' title='bbox 563 2769 744 2840; x_wconf 73' lang='grc'>00103,</span> <span class='ocrx_word' id='word_1_225' title='bbox 785 2772 836 2821; x_wconf 89' lang='lat' dir='ltr'>et</span> <span class='ocrx_word' id='word_1_226' title='bbox 874 2788 987 2822; x_wconf 94' lang='lat' dir='ltr'>non</span> <span class='ocrx_word' id='word_1_227' title='bbox 1023 2787 1108 2820; x_wconf 92' lang='lat' dir='ltr'>me</span> <span class='ocrx_word' id='word_1_228' title='bbox 1151 2768 1346 2837; x_wconf 83' lang='lat' dir='ltr'>Caspia</span> <span class='ocrx_word' id='word_1_229' title='bbox 1384 2768 1544 2840; x_wconf 88' lang='lat' dir='ltr'>tigris</span> <span class='ocrx_word' id='word_1_230' title='bbox 1760 2783 1843 2821; x_wconf 83' lang='lat'>105</span> 
     </span>
    </p>
   </div>
   <div class='ocr_carea' id='block_1_3' title="bbox 140 2874 498 2879">
    <p class='ocr_par' dir='ltr' id='par_1_19' title="bbox 140 2874 498 2879">
     <span class='ocr_line' id='line_1_37' title="bbox 140 2874 498 2879; baseline 0 0"><span class='ocrx_word' id='word_1_231' title='bbox 140 2874 498 2879; x_wconf 95' lang='lat' dir='ltr'> </span> 
     </span>
    </p>
   </div>
   <div class='ocr_carea' id='block_1_4' title="bbox 259 2929 1104 2988">
    <p class='ocr_par' dir='ltr' id='par_1_20' title="bbox 259 2929 1104 2988">
     <span class='ocr_line' id='line_1_38' title="bbox 259 2929 1104 2988; baseline 0.004 -16"><span class='ocrx_word' id='word_1_232' title='bbox 259 2933 314 2974; x_wconf 83' lang='lat'>85</span> <span class='ocrx_word' id='word_1_233' title='bbox 347 2929 562 2988; x_wconf 86' lang='lat' dir='ltr'>Hennae]</span> <span class='ocrx_word' id='word_1_234' title='bbox 597 2931 916 2986; x_wconf 73' lang='lat' dir='ltr'>Pulmamzus;</span> <span class='ocrx_word' id='word_1_235' title='bbox 949 2931 1104 2975; x_wconf 88' lang='lat' dir='ltr'>ethne.</span> 
     </span>
    </p>
   </div>
  </div>
 </body>
</html>
