2044 3220
120 88 331 147 (XXIV.)
373 87 452 130 DE
486 85 735 132 CONSVL.
770 85 1146 131 STILICHONIS
1178 87 1360 131 LIBER·
1392 88 1671 133 TERTIVS.
1718 89 1823 141 173

128 223 412 292 Praebuit,
451 221 579 274 huic
619 220 722 272 soli
763 220 919 272 debet
962 221 1054 273 sed
1092 221 1234 274 victa
1274 222 1556 276 tributum.

126 298 272 350 Dum
309 315 410 348 nos
449 294 738 348 horribiles
770 294 974 363 Libyae
1015 299 1317 348 scrutamur
1356 297 1618 368 aIUmnOS‚
1741 312 1826 352 280

127 372 379 439 Europae
417 387 514 422 vos
554 369 758 421 interea
797 369 1091 437 perquirite
1133 370 1304 422 saltus

125 445 202 497 Et
243 444 507 513 scopulos,
583 442 772 495 Posita
810 442 961 494 ludat
1001 442 1287 496 formidine
1326 449 1513 512 pastor

129 518 450 586 Securisque
490 519 647 569 canat
688 515 1043 569 Stilichonem
1082 517 1266 569 fistula
1307 518 1471 570 silvis,

129 593 293 645 Pacet
332 591 646 644 muneribus
686 594 897 643 montes
940 590 1032 659 qui
1071 591 1285 661 legibus
1324 592 1519 644 urbes?

238 666 395 718 Dixit
435 669 488 718 et
527 664 795 733 extemplo
835 664 1091 717 frondosa
1130 665 1302 717 fertur
1342 666 1408 717 ab
1448 665 1587 735 Alpe
1740 681 1823 722 285

127 740 301 793 Trans
340 739 596 810 pelagus3
637 739 779 791 cervi
820 757 1036 791 currum
1076 739 1289 791 subiere
1328 739 1553 810 iugales⁷

127 814 275 877 Quos
317 814 475 866 decus
515 831 630 866 esse
671 813 796 865 deae
827 813 989 882 primi
1029 813 1128 865 sub
1169 813 1355 866 limine
1395 814 1529 866 caeli

126 888 360 941 Roscida
399 888 642 940 fecundis
684 887 929 956 concepit
967 887 1120 939 Luna
1161 887 1422 940 cavernis:

126 962 233 1015 Par
269 963 416 1014 nitor
455 961 675 1014 intactis
714 961 955 1031 nivibus3
995 962 1146 1013 frons
1187 962 1420 1014 discolor
1459 981 1589 1015 auro

127 1036 406 1089 Germinat
445 1039 498 1088 et
539 1035 714 1105 spatio
756 1054 991 1088 summas
1032 1035 1318 1104 aequantia
1356 1037 1512 1107 fagos
1740 1052 1825 1092 290

129 1110 342 1163 Cornua
381 1128 594 1162 ramoso
636 1114 866 1180 surgunt
897 1128 1119 1179 procera
1157 1110 1392 1163 metallo

125 1183 258 1254 Opis
299 1185 449 1236 frena
487 1187 650 1253 tenet,
689 1185 794 1236 fert
834 1185 969 1236 retia
1007 1203 1128 1236 rara
1165 1183 1395 1252 Lycaste

125 1257 467 1327 Auratasque
506 1258 711 1329 plagaS,
751 1258 1172 1326 inmortalesque
1211 1257 1439 1310 Molossi

125 1333 412 1385 Latrantes
451 1332 642 1384 mediis
684 1332 884 1384 circum
923 1332 1051 1402 iuga
1088 1332 1327 1384 nubibus
1367 1332 1532 1385 ibant.

128 1405 375 1475 Quinque
415 1406 552 1458 aliae
589 1406 811 1475 paribus
852 1404 1092 1476 (Phoebe
1126 1406 1202 1458 sic
1233 1405 1488 1477 iusserat)
1523 1408 1685 1460 armis
1739 1422 1824 1462 295

126 1480 355 1533 Diversa
394 1480 613 1551 regione
653 1482 818 1532 ruunt
858 1480 1111 1548 ducitque
1152 1479 1429 1532 cohortem

127 1553 379 1622 Quaeque
420 1572 585 1606 suam.
662 1554 858 1606 Variae
897 1554 1088 1606 formis
1129 1557 1182 1606 et
1221 1557 1382 1624 gente
1422 1558 1721 1622 sequuntur

126 1626 458 1699 Ingenioque
499 1646 669 1680 canes,
746 1626 880 1680 Illae
919 1627 1259 1698 gravioribus
1300 1631 1457 1696 aptae

124 1702 423 1772 MorsibuS‚
461 1702 561 1754 hae
599 1701 827 1771 pedibus
869 1703 1080 1772 celereS,
1119 1702 1220 1754 hae
1256 1720 1385 1754 nare
1426 1721 1660 1773 sagaces⁷

125 1776 490 1844 Hirsutaeque
530 1776 766 1828 fremunt
809 1775 1030 1828 Cressae
1069 1780 1364 1845 tenuesque
1402 1776 1675 1829 Lacaenae
1738 1793 1824 1832 300

124 1850 430 1921 Magnaque
469 1853 748 1902 taurorum
787 1850 1055 1903 fracturae
1095 1851 1234 1903 colla
1272 1850 1578 1903 Britanna-e.

124 1924 429 1976 Dalmatiae
468 1923 620 1976 lucos
660 1924 996 1992 abruptaque
1034 1924 1255 1977 brachia
1292 1924 1453 1977 Pindi

126 1997 325 2067 Sparsa
366 2015 572 2049 comam
611 1997 958 2049 Britomartis
998 1998 1126 2068 agit.
1205 1998 1286 2050 Tu
1329 1998 1536 2051 Gallica
1577 2000 1748 2070 cingis

126 2072 339 2141 Lustra⁷
376 2071 758 2140 Leontodame‚
799 2070 1293 2139 Germanorumque
1331 2072 1554 2140 paludes

126 2146 290 2198 Eruis
332 2149 384 2197 et
425 2145 470 2197 si
511 2145 630 2227 quis
672 2145 921 2197 defensus
960 2145 1258 2197 harundine
1289 2145 1467 2197 Rheni
1738 2161 1823 2201 305

126 2219 331 2271 Vastus
371 2238 497 2288 aper
535 2218 702 2271 nimio
745 2219 928 2272 dentes
971 2222 1285 2271 curvaverat
1326 2237 1469 2272 aevo.

129 2293 424 2346 Nubiferas
464 2291 631 2361 Alpes
671 2292 1084 2362 Appenninique
1123 2311 1363 2345 recessus

130 2367 473 2438 Garganique
511 2367 661 2419 nives
700 2367 973 2438 Hecaerge
1013 2370 1263 2436 prompta
1302 2366 1511 2437 fatigat.

128 2440 423 2510 Speluncas
465 2441 687 2494 canibus
730 2440 905 2494 Thero
946 2441 1175 2494 rimatur
1213 2441 1444 2493 Hiberas

126 2514 500 2584 Informesque
540 2515 684 2568 cavis
724 2534 880 2568 ursos
921 2515 1158 2568 detrudit
1198 2515 1264 2567 ab
1306 2515 1491 2584 antriS‚
1738 2530 1824 2570 310

130 2588 371 2650 Quorum
411 2608 566 2658 saepe
605 2589 786 2672 Tagus
825 2593 1103 2642 manantes
1144 2589 1403 2660 sanguine
1442 2558 1609 2642 rictus

129 2661 257 2714 Non
295 2663 510 2715 satiavit
549 2663 703 2732 aquis
743 2667 795 2716 et
837 2683 971 2732 quos
1010 2664 1117 2715 iam
1156 2663 1356 2734 frigore
1397 2681 1586 2734 segnes

130 2735 402 2803 Pyrenaea
440 2738 578 2808 tegit
615 2737 903 2790 latebrosis
943 2737 1225 2790 frondibus
1264 2737 1384 2789 ilex.

135 2808 390 2877 Cyrnaeis
431 2809 732 2880 Siculisque
771 2812 914 2883 iugis
954 2815 1145 2864 venata
1185 2811 1370 2882 virago

131 2881 493 2952 Nebrophone
533 2903 716 2939 cervos
756 2886 994 2954 aliasque
1034 2885 1090 2937 in
1127 2884 1341 2938 vincula
1380 2886 1527 2956 cogit
1738 2900 1823 2940 315
