2085 3215
302 149 404 201 100
833 148 1074 193 CLAVDII
1107 147 1432 193 CLAVDIANI

287 284 433 335 Haec
473 283 630 335 modo
672 283 954 350 crescenti,
994 282 1181 350 plenae
1220 301 1317 351 par
1356 282 1523 334 altera
1562 281 1740 335 lunae:

287 356 551 427 Adsurgit
592 375 685 408 ceu
725 356 864 407 forte
902 356 1079 407 minor
1120 356 1217 407 sub
1258 359 1427 407 matre
1466 355 1663 407 virenti

289 430 495 481 Laurus
537 433 589 481 et
628 430 874 499 ingentes
914 447 1091 481 ramos
1133 429 1367 496 olimque
1411 429 1621 480 futuras
1890 444 1975 483 245

289 503 569 554 Promittit
610 503 716 554 iam
755 521 919 570 parva
959 520 1159 570 comas3
1200 502 1284 554 vel
1322 503 1451 553 flore
1493 502 1592 553 sub
1631 520 1738 553 uno

291 576 397 628 Ceu
437 576 681 646 geminae
721 575 984 627 Paestana
1023 594 1175 627 rosae
1214 594 1308 643 per
1348 576 1531 645 iugera
1571 579 1818 644 regnant:

292 649 438 701 Haec
477 649 630 719 largo
671 653 880 700 matura
922 649 1004 700 die
1046 652 1389 716 saturataque
1429 648 1607 700 vernis

289 722 526 774 Roribus
568 722 812 792 indulget
853 722 1051 790 spatio;
1090 723 1222 772 latet
1263 722 1428 773 altera
1467 721 1608 773 nodo

288 795 401 848 Nec
441 796 640 848 teneris
684 796 841 847 audet
881 796 1030 846 foliis
1071 795 1351 846 admittere
1393 795 1545 846 soles..
1891 809 1976 849 250

400 868 632 921 Adstitit
674 873 725 921 et
766 869 958 920 blande
996 868 1223 919 Mariam
1267 867 1528 935 Cytherea
1568 868 1790 920 salutat:

291 942 467 994 ‘Salve
509 943 742 994 sidereae
782 942 960 1010 proles
1001 946 1230 1011 augusta
1271 940 1518 1010 Serenae,

290 1016 610 1086 Magnorum
651 1016 866 1067 suboles
906 1034 1093 1084 regum
1132 1015 1476 1082 parituraque
1516 1033 1682 1085 reges

290 1089 361 1140 Te
402 1094 623 1157 propter
661 1089 895 1157 Paphias
937 1089 1085 1140 sedes
1129 1088 1468 1156 Cyprumque
1508 1088 1725 1157 reliqui,

290 1163 362 1214 Te
401 1166 621 1231 propter
660 1162 823 1213 libuit
864 1165 1045 1213 tantos
1087 1162 1297 1229 explere
1336 1162 1548 1212 labores
1892 1174 1976 1214 255

288 1236 362 1288 Et
401 1239 613 1287 tantum
653 1239 931 1286 transnare
972 1235 1159 1303 maris,
1198 1253 1264 1286 ne
1303 1234 1464 1286 vilior
1502 1235 1645 1286 ultra

288 1309 538 1361 Privatos
578 1312 817 1377 paterere
856 1308 994 1359 lares
1033 1327 1138 1359 neu
1177 1311 1416 1375 tempore
1455 1308 1619 1377 longo

288 1383 502 1435 Dilatos
544 1382 752 1434 iuvenis
783 1381 1015 1433 nutriret
1054 1381 1330 1432 Honorius
1371 1381 1536 1451 ignes

290 1456 488 1525 Accipe
527 1456 801 1507 fortimam
840 1455 1051 1525 generis
1062 1498 1074 1523 ,
1115 1455 1355 1506 diadema
1394 1472 1624 1524 resume,

292 1529 444 1591 Quod
483 1529 692 1580 tribuas
731 1529 898 1597 natiS,
939 1532 991 1579 et
1031 1528 1088 1579 in
1126 1528 1256 1580 haec
1293 1527 1590 1596 penetralia
1627 1544 1837 1596 rurSUS,
1891 1540 1977 1580 260

289 1602 444 1654 Vnde
482 1620 674 1671 parens
714 1620 1020 1671 progressa,
1060 1601 1186 1652 redi.
1263 1601 1370 1652 Fac
1407 1601 1557 1652 nulla
1597 1601 1815 1653 subesse

290 1675 522 1727 Vincula
563 1679 841 1744 cognatae:
885 1675 1128 1741 quamvis
1169 1674 1342 1725 aliena
1380 1674 1576 1725 fuisses

290 1748 657 1817 PrincipibuS,
697 1766 920 1817 regnum
959 1752 1172 1815 poteras
1211 1748 1313 1798 hoc
1354 1766 1443 1798 ore
1482 1747 1686 1799 mereri.

294 1822 438 1884 Quae
477 1822 698 1889 propior
737 1821 962 1888 sceptris
1003 1820 1207 1871 facies?
1249 1821 1341 1888 qui
1383 1821 1596 1890 dignior
1636 1820 1757 1872 aula
1893 1833 1979 1874 264

291 1895 491 1947 Vultus
532 1894 669 1946 erit‘?
746 1893 873 1946 Non
910 1894 1062 1945 labra
1102 1912 1276 1962 rosae,
1315 1912 1424 1945 non
1464 1894 1602 1945 colla
1640 1893 1889 1963 pruinae,

290 1968 417 2020 Non
456 1968 627 2020 crines
667 1970 899 2034 aequant
937 1967 1132 2035 violae,
1171 1985 1281 2018 non
1318 1967 1523 2018 lumina
1560 1967 1818 2018 flammae.

293 2041 463 2104 Quam
503 2040 673 2093 iuncti
711 2041 902 2092 leviter
943 2059 1056 2092 sese
1097 2040 1403 2092 discrimine
1444 2041 1650 2092 confert

291 2115 497 2166 Vmbra
538 2114 834 2182 supercilii!
874 2114 1064 2165 miscet
1105 2132 1264 2181 quam
1304 2114 1447 2165 iusta
1485 2114 1743 2181 pudorem

292 2188 596 2256 Temperies
633 2188 802 2239 nimio
842 2205 939 2238 nec
979 2187 1238 2257 sanguine
1279 2187 1476 2238 candor
1515 2186 1770 2238 abundat!

292 2261 534 2314 Aurorae
572 2261 744 2313 vincis
786 2260 986 2330 digitos
1026 2279 1344 2328 umerosque
1384 2261 1610 2329 Dianae,
1889 2273 1976 2312 270

291 2334 471 2404 Ipsam
511 2334 617 2386 iam
657 2351 876 2402 superas
916 2337 1154 2385 matrem.
1233 2333 1291 2386 Si
1329 2334 1571 2385 Bacchus
1611 2336 1819 2384 amator

294 2408 481 2461 Dotali
521 2407 701 2475 potuit
740 2406 944 2458 caelum
985 2407 1197 2476 signare
1238 2424 1454 2474 corona,

297 2480 402 2533 Cur
438 2481 606 2533 nullis
645 2479 799 2550 virgo
839 2479 1120 2531 redimitur
1158 2479 1433 2547 pulchrior
1473 2478 1672 2531 astris?

294 2553 407 2606 Iam
445 2554 550 2606 tibi
589 2553 812 2605 molitur
852 2552 1124 2604 stellantia
1165 2555 1305 2604 serta
1345 2553 1542 2604 Bootes

294 2626 461 2695 Inque
502 2627 659 2679 decus
698 2626 900 2677 Mariae
940 2625 1046 2676 iam
1087 2626 1259 2677 sidera
1298 2626 1531 2693 parturit
1570 2624 1764 2677 aether.
1891 2637 1975 2676 275

297 2699 339 2751 O
382 2700 544 2770 digno
582 2699 841 2752 nectenda
879 2699 994 2750 viro
1036 2699 1281 2766 tantique
1320 2717 1414 2767 per
1454 2699 1636 2750 orbem

299 2772 530 2825 Consors
571 2773 802 2841 imperii!
844 2772 951 2823 iam
989 2775 1042 2822 te
1081 2773 1423 2824 venerabitur
1460 2772 1668 2840 Hister3

295 2845 506 2898 Nomen
545 2846 842 2897 adorabunt
881 2845 1090 2913 populi3
1130 2846 1237 2896 iam
1275 2846 1494 2897 Rhenus
1534 2848 1586 2896 et
1624 2843 1781 2896 Albis

298 2918 525 2987 Serviet3
566 2919 622 2970 in
660 2919 863 2971 medios
903 2918 1008 2970 ibis
1048 2919 1234 2988 regina
1274 2918 1614 2988 Sygambros
