2085 3215
186 97 257 150 60
738 93 981 140 CLAVDII
1013 93 1348 139 CLAVDIANI

183 233 258 285 Et
297 231 471 284 medio
514 249 634 300 spes
676 230 791 283 sola
829 231 979 284 mari.
1058 230 1229 283 Trans
1268 230 1473 282 Phasin
1512 233 1748 300 aguntur
1798 245 1888 285 245

187 305 565 375 Cappadocum
602 308 825 371 matreS,
867 304 1202 374 stabulisque
1243 304 1474 357 abducta
1513 305 1752 373 paternis

185 380 471 433 Caucasias
512 379 723 448 captiva
762 379 959 431 bibunt
999 382 1239 431 armenta
1278 379 1500 448 pruinas

183 454 258 507 Et
300 453 569 522 Scythicis
608 457 823 505 mutant
861 452 1061 524 Argaei
1100 453 1300 522 pabula
1342 453 1505 504 silvis

182 528 355 580 Extra
397 527 710 580 Cimmerias
719 571 733 598 ,
773 527 1073 579 Taurorum
1114 527 1370 596 claustra,
1410 526 1633 595 paludes

181 601 310 654 Flos
352 600 538 671 Syriae
579 602 756 654 servit.
836 600 1036 670 Spoliis
1075 619 1174 653 nec
1215 601 1416 653 sufficit
1457 604 1613 652 atrox
1801 614 1890 654 250

182 675 478 728 Barbarus:
517 676 576 728 in
616 676 828 728 caedem
866 679 1084 728 vertunt
1123 675 1340 727 fastidia
1378 674 1619 743 praedae.

293 748 394 802 Ille
432 753 615 802 tamen
655 748 810 821 (quid
842 750 984 801 enim
1026 767 1237 801 servum
1268 749 1595 817 mollemque
1627 747 1891 817 pudebit?

182 823 297 876 Aut
338 823 467 892 quid
503 824 563 877 in
600 824 704 876 hoc
743 824 944 893 poterit
983 823 1140 875 vultu
1178 823 1407 894 flagrare
1448 821 1723 894 ruboris?)

184 897 292 950 Pro
332 898 535 950 victore
575 897 735 950 redit:
775 897 1017 967 peditum
1055 897 1252 949 vexilla
1293 900 1593 964 sequuntur

183 972 259 1024 Et
298 976 507 1024 turmae
549 972 751 1025 similes
792 971 1266 1039 eunuchorumque
1305 971 1552 1040 manipli,
1802 984 1890 1024 255

182 1045 639 1115 Hellespontiacis
678 1047 822 1117 legio
864 1045 1179 1116 dignissima
1220 1045 1403 1115 signis.

187 1118 391 1172 Obvius
431 1121 508 1172 ire
550 1121 715 1172 cliens
757 1120 1195 1187 defensoremque
1236 1137 1509 1171 reversum

187 1193 497 1262 Complecti.
578 1194 763 1246 Placet
802 1195 916 1262 ipse
959 1193 1062 1245 sibi
1101 1193 1357 1261 laxasque
1397 1192 1611 1245 laborat

183 1267 520 1320 Distendisse
560 1286 725 1338 genas
765 1269 1059 1336 fictumque
1099 1267 1319 1319 inflatus
1360 1266 1600 1336 anhelat,

184 1341 413 1394 Pulvere
453 1360 730 1410 respersus
769 1342 943 1394 tineas
985 1345 1037 1393 et
1079 1341 1284 1393 solibus
1327 1358 1419 1392 ora
1802 1354 1891 1394 260

183 1415 465 1485 Pallidior,
505 1416 790 1484 verbisque
832 1420 989 1468 sonat
1027 1415 1292 1484 plorabile
1334 1414 1586 1482 quiddam

183 1489 343 1541 Vltra
380 1490 678 1558 nequitiam
717 1490 904 1542 fractis
944 1494 997 1542 et
1036 1489 1243 1558 proelia
1279 1492 1464 1541 narrat

183 1563 392 1631 Perque
434 1582 585 1616 suam
624 1564 855 1616 tremula
895 1567 1128 1616 testatur
1167 1581 1295 1615 voce
1338 1581 1598 1615 sororem:

184 1636 458 1689 Defecisse
498 1656 663 1708 vagas
704 1638 769 1689 ad
807 1638 1024 1706 publica
1066 1637 1343 1689 commoda
1383 1637 1546 1705 vires3

189 1709 384 1762 Cedere
424 1711 583 1763 livori
621 1730 719 1763 nec
760 1715 1061 1763 sustentare
1100 1710 1366 1779 procellas
1801 1723 1889 1764 265

184 1783 444 1854 Invidiae3
483 1786 759 1855 mergique
799 1785 953 1837 fretis
995 1784 1371 1853 spumantibus
1413 1787 1544 1835 orat.

185 1858 496 1926 Exoretque
536 1860 766 1911 utinam!
843 1859 987 1911 Dum
1027 1859 1158 1910 talia
1197 1858 1343 1909 fatur
1380 1858 1620 1927 ineptus,

185 1931 444 2003 Deterget
482 1933 730 1984 lacrimas
771 1937 931 2001 atque
970 1933 1112 1985 inter
1153 1932 1366 2002 singula
1406 1931 1548 1983 dicta

185 2005 392 2058 Flebile
433 2007 689 2075 suspirat:
732 2007 906 2075 qualis
945 2007 1093 2059 venit
1133 2006 1279 2058 arida
1321 2023 1506 2057 socrus

184 2079 563 2151 Longinquam
601 2081 782 2133 visura
819 2100 1039 2151 nurum,
1078 2081 1169 2133 vix
1207 2080 1350 2132 lassa
1390 2078 1587 2131 resedit
1801 2092 1890 2132 270

187 2153 260 2206 Et
299 2155 407 2206 iam
446 2155 570 2207 vina
609 2156 760 2224 petit.

836 2228 974 2292 Quid
1012 2232 1089 2298 te,
1128 2228 1464 2297 turpissime,
1504 2226 1662 2279 bellis

186 2300 385 2354 Inseris
425 2306 519 2355 aut
560 2303 703 2354 saevi
741 2306 1071 2371 pertemptas
1110 2301 1332 2354 Pallada
1373 2301 1582 2370 campi?

187 2374 268 2426 Tu
306 2380 461 2444 potes
503 2377 725 2428 alterius
766 2377 957 2428 studiis
1000 2377 1218 2428 haerere
1258 2375 1529 2427 Minervae

186 2448 260 2500 Et
299 2450 458 2520 telaS,
496 2469 608 2502 non
645 2450 754 2502 tela
792 2451 929 2520 pati,
967 2454 1029 2503 tu
1070 2450 1301 2502 stamina
1337 2466 1520 2518 nosse,

188 2521 269 2573 Tu
310 2541 498 2606 segnes
540 2543 762 2592 operum
802 2524 992 2576 sollers
1031 2542 1221 2595 urgere
1259 2522 1468 2592 puellas
1798 2535 1886 2575 275

185 2594 260 2646 Et
298 2597 509 2649 niveam
549 2598 794 2650 dominae
832 2599 1013 2666 pensis
1052 2597 1323 2650 involvere
1363 2596 1555 2648 lanam

185 2667 311 2738 Vel,
352 2671 396 2721 si
438 2689 587 2723 sacia
625 2672 869 2741 placent,
909 2672 1107 2724 habeas
1145 2689 1244 2740 pro
1284 2670 1457 2722 Marte
1500 2668 1774 2739 Cybeben,

187 2741 371 2795 Rauca
412 2743 732 2798 Celaenaeos
773 2746 839 2797 ad
877 2750 1135 2814 tympana
1175 2745 1315 2796 disce
1356 2744 1579 2796 furores.

190 2814 448 2884 Cymbala
487 2818 625 2871 ferre
664 2820 790 2872 licet
828 2824 1122 2888 pectusque
1161 2818 1383 2870 inlidere
1422 2818 1554 2886 pinu

185 2887 432 2961 Inguinis
473 2896 525 2944 et
564 2893 831 2962 reliquum
869 2893 1123 2965 Phrygiis
1163 2891 1433 2944 abscidere
1475 2891 1676 2944 cultris,
1798 2903 1886 2943 280
