2039 3235
179 129 323 173 XLVI
631 127 757 171 ADN
764 126 840 170 OT
847 125 1104 170 ATIONES
1138 124 1433 175 CRITICAE.

300 260 576 304 cinnitatem
607 260 932 315 recuperatam
963 258 1105 302 etiam
1141 258 1411 302 adliteratio
1442 258 1655 303 nascitur
1686 273 1780 302 non
1807 258 1875 302 in-

298 319 516 362 iucunda.
577 318 673 360 vim
712 318 938 361 maiorem
977 332 1069 361 non
1108 319 1157 360 in
1196 317 1406 374 singultu
1449 317 1530 361 sed
1568 317 1618 360 in
1659 317 1874 362 laetitiae

300 378 445 433 signis
479 378 631 420 inesse
662 376 867 420 voluisse
899 379 1089 432 poetam
1122 377 1260 420 docet
1292 376 1435 420 etiam
1466 390 1627 420 versus
1660 381 1760 432 411,
1792 376 1876 420 ubi

298 436 347 478 in
380 436 730 492 comparatione
762 438 904 479 boves
935 437 1139 493 qaudent
1167 436 1318 491 fideles
1349 437 1532 480 reddere
1563 438 1777 493 mugitus.

177 502 265 540 415
300 495 589 553 Vandalicis]
616 494 752 538 unice
775 494 1027 550 legendum
1052 507 1154 538 esse
1180 494 1354 538 Birtius
1381 494 1428 536 in
1453 494 1600 550 praef.
1625 509 1669 550 p.
1688 494 1877 539 XLVIII

300 553 662 608 demonstravit3
697 554 752 598 cf.
786 553 964 597 ibidem
996 569 1038 609 p.
1067 552 1179 597 CVI.

178 618 263 656 436
298 614 507 670 diffudit]
543 612 609 656 310
640 612 871 666 1116110163,
907 613 1031 667 quod
1062 612 1256 665 retinui3
1288 611 1548 667 perfectum
1582 611 1706 655 enim
1739 613 1787 655 et
1816 613 1875 655 ad

298 671 688 715 exclamationem
736 673 891 728 aptius
938 670 1126 714 videtur
1167 674 1213 714 et
1250 670 1493 727 praecedit
1531 676 1712 715 mutata
1748 670 1875 726 quod

299 732 372 773 est
405 731 504 774 vice
535 731 733 787 perfecti
776 732 824 773 et
854 746 896 774 v.
921 734 1009 773 437
1048 731 1165 774 redit
1204 732 1495 773 contractam
1534 730 1733 772 formam
1769 743 1875 785 per-

295 789 408 832 fecti
441 803 542 833 esse
573 803 711 845 posse
743 788 1041 832 notissimum
1073 791 1158 833 est.
1215 788 1415 844 denique
1448 803 1608 832 versus
1638 793 1724 832 449
1757 787 1873 832 item

297 848 558 904 perfectum
591 849 725 892 offert
756 850 914 892 traxit.

177 912 261 950 441
296 907 516 965 νεάᾱίάιτ]
563 909 682 952 vitae
726 906 987 950 desiderari
1033 905 1215 950 monuit
1260 905 1461 961 Birtius,
1511 905 1637 961 quod
1685 905 1874 960 quidem

294 980 446 1022 possm
492 979 718 1022 reponere
763 966 886 1009 velle
924 981 965 1010 v.
1000 970 1088 1009 440
1136 979 1218 1022 pro
1266 965 1408 1009 verbo
1457 971 1643 1021 spretae.
1712 967 1875 1008 tamen

295 1024 428 1068 issam
460 1025 631 1081 elipsin
664 1039 804 1080 quam
827 1024 1029 1068 maxime
1055 1024 1389 1090 Claudianeam
1416 1037 1518 1067 esse
1542 1022 1733 1080 probari
1755 1025 1871 1080 puto

295 1083 399 1139 ipso
431 1085 573 1128 verbo
608 1083 811 1140 simplici
841 1085 964 1139 dare,
998 1097 1088 1139 quo
1121 1099 1204 1139 pro
1239 1085 1332 1127 luci
1359 1082 1389 1127 i.
1417 1096 1453 1126 e.
1486 1085 1607 1128 vitae
1631 1083 1742 1127 dare
1774 1081 1872 1126 sive

295 1144 421 1187 edere
452 1157 562 1186 usus
596 1146 665 1187 est
696 1145 837 1199 poeta
868 1144 996 1186 Fesc.
1028 1157 1070 1185 v.
1099 1146 1124 1184 6
1163 1143 1221 1185 Te
1252 1143 1383 1186 Leda
1414 1143 1567 1197 mallet
1597 1157 1733 1199 quam
1765 1143 1874 1186 dare

299 1201 536 1245 Castorem.
592 1201 799 1256 itemque
828 1201 1041 1245 absolute
1066 1203 1233 1257 postea
1256 1200 1456 1257 legimus
1480 1195 1682 1245 16311111ίὺ
1703 1216 1745 1245 v.
1771 1204 1871 1244 445.

176 1265 260 1303 465
294 1261 536 1326 temptans]
572 1274 665 1315 qua
697 1261 754 1304 de
788 1274 929 1304 causa
954 1274 1009 1303 ex
1036 1266 1225 1316 temptat
1249 1259 1317 1303 Bi.
1351 1259 1580 1316 refecerit,
1611 1260 1763 1316 primo
1793 1259 1873 1303 ob-

294 1321 399 1362 tutu
431 1318 685 1362 videndum
717 1321 801 1362 est.

177 1382 262 1420 466
296 1379 584 1436 humilesque]
621 1378 677 1422 cf.
712 1392 830 1433 quae
864 1377 1088 1421 adnotavi
1121 1377 1177 1421 de
1212 1378 1380 1434 copula
1412 1393 1494 1435 que
1526 1377 1587 1420 ad
1617 1392 1661 1421 v.
1688 1381 1758 1421 48.

177 1441 352 1480 471-4
328 1437 542 1540 ἓ4]
460 1437 516 1480 de
543 1440 708 1481 horum
730 1452 948 1480 versuum
972 1437 1174 1481 lectione
1202 1451 1257 1480 ex
1275 1437 1307 1481 C
1327 1437 1577 1480 emendata
1594 1436 1650 1479 cf.
1670 1435 1872 1479 Birtium

176 1559 261 1598 505
294 1518 599 1613 nesczoquaem]
643 1555 698 1599 de
738 1554 941 1598 lectione
980 1569 1038 1598 ne
1073 1555 1282 1610 dubites3
1325 1556 1485 1598 tamen
1523 1567 1671 1610 paene
1709 1553 1872 1610 inepte

296 1613 504 1656 adfectat
530 1617 684 1658 orator
702 1614 877 1657 Romae
901 1614 1261 1669 ignorationem.
1308 1613 1434 1657 idem
1460 1613 1585 1657 enim
1606 1627 1648 1656 v.
1668 1617 1753 1656 507
1768 1627 1870 1668 sqq.

292 1672 411 1716 bene
443 1673 576 1716 novit
606 1673 770 1716 urbem
803 1675 850 1715 et
883 1673 939 1716 de
971 1672 1172 1717 historia
1203 1673 1302 1716 eius
1334 1672 1491 1716 refert.

174 1736 254 1774 541
291 1733 456 1776 servire
488 1733 608 1789 dati]
641 1732 758 1775 haec
789 1731 932 1775 lectio
966 1746 1075 1775 sane
1111 1731 1225 1775 satis
1267 1731 1422 1775 debile
1455 1733 1538 1777 est.
1596 1730 1711 1786 quid
1743 1729 1870 1774 enim

291 1790 474 1845 mirum,
509 1790 784 1847 subiugatos
817 1791 1016 1835 servire?
1068 1805 1161 1834 non
1195 1790 1294 1834 sine
1326 1790 1426 1834 iure
1458 1790 1606 1846 igitur
1629 1789 1867 1846 proximus

295 1849 447 1892 editor
478 1864 652 1894 servare
684 1852 785 1894 dati
816 1852 1010 1893 conatus
1044 1852 1136 1905 est3
1182 1849 1396 1904 quamvis
1429 1849 1517 1893 1100
1551 1851 1667 1892 satis
1701 1849 1869 1892 durum

293 1921 393 1951 esse
417 1909 632 1952 videatur
654 1923 738 1965 pro
764 1910 815 1952 in
839 1910 1069 1953 auaeilz’um
1086 1910 1196 1953 dati.
1248 1923 1334 1964 ego
1361 1908 1604 1964 acquiesco
1622 1907 1672 1950 in
1688 1907 1868 1951 tradita

291 1967 494 2010 lectione
527 1981 581 2011 eo
616 1981 773 2023 sensu,
815 1971 868 2010 ut
900 1968 1038 2023 quale
1072 1967 1314 2011 servitium
1347 1967 1430 2024 sit,
1470 1967 1520 2010 in
1561 1966 1866 2022 sequentibus

293 2028 566 2081 exponatur.

175 2089 259 2128 548
294 2085 402 2130 Huc
427 2087 512 2130 iter
534 2100 674 2142 usque
698 2086 857 2144 datar]
892 2087 1008 2129 haec
1033 2085 1176 2128 etiam
1202 2086 1345 2129 verba
1369 2084 1600 2128 traxitad
1626 2084 1867 2128 oraculum

291 2143 481 2187 Birtius
546 2145 634 2188 1100
674 2147 727 2188 ut
771 2159 908 2189 sensu
956 2144 1254 2200 aliquatenus
1302 2143 1619 2188 commendari
1665 2143 1866 2198 videtur,

291 2206 451 2246 tamen
482 2203 636 2247 minus
668 2204 841 2260 placet,
876 2203 988 2259 quia
1012 2204 1251 2247 oraculum
1276 2203 1401 2246 finiri
1423 2202 1723 2246 hemistichio
1750 2201 1867 2245 satis

289 2262 565 2306 incredibile
600 2266 684 2307 est.
739 2266 985 2319 praeterea
1017 2262 1485 2306 animadvertendum
1525 2264 1596 2305 est
1634 2261 1684 2304 in
1722 2261 1865 2305 versi-

290 2321 377 2364 bus
397 2325 481 2364 546
497 2324 543 2365 et
558 2326 643 2365 547
662 2321 926 2365 litterarum
941 2322 1094 2365 lusum
1110 2321 1208 2365 eius
1224 2321 1328 2365 aevi
1340 2320 1582 2377 proprium
1599 2322 1647 2364 et
1663 2321 1864 2364 maxime

289 2379 339 2422 in
373 2379 698 2436 aenigmaticis
730 2383 971 2437 receptum
1005 2380 1249 2424 sententiis
1283 2381 1457 2434 inesse3
1499 2379 1679 2423 scilicet
1709 2378 1866 2435 ipsum

289 2452 459 2482 nomen
491 2439 638 2484 ΡΟΜ
649 2443 685 2483 Α
717 2453 801 2496 per
834 2439 1130 2484 acrostichon
1161 2442 1209 2484 et
1239 2439 1523 2483 telestichon
1556 2438 1678 2483 latet
1707 2437 1782 2481 his
1813 2437 1866 2481 in

288 2498 515 2542 versibus.

172 2561 254 2599 582
282 2558 544 2615 petendam]
593 2557 716 2601 hanc
758 2557 1010 2601 lectionem
1047 2559 1101 2600 ut
1138 2557 1432 2603 restituerem
1472 2555 1748 2600 Skutschius
1787 2568 1863 2599 me

289 2617 489 2669 monuit3
525 2616 680 2672 gentis
714 2616 837 2660 enim
861 2617 976 2660 fides
1004 2618 1222 2672 suspecta
1247 2615 1419 2659 dicitur
1449 2631 1491 2660 v.
1519 2620 1626 2669 591·
1660 2614 1743 2658 sed
1767 2613 1863 2658 dux

288 2673 369 2717 1116
416 2675 683 2741 praeclarus
730 2678 886 2721 docuit
929 2682 1113 2721 mortem
1153 2689 1241 2733 pro
1288 2676 1428 2720 Latio
1477 2688 1578 2718 esse
1619 2675 1863 2731 petendam
1948 2714 1951 2717 .

288 2733 520 2788 fidemque
554 2735 620 2779 sic
651 2734 959 2791 recuperavit.

172 2796 254 2836 583
283 2793 562 2851 praefectus]
590 2793 656 2836 sic
680 2794 936 2838 Vaticanus
962 2793 1152 2849 quintus
1180 2793 1305 2849 apud
1331 2791 1580 2848 Clerqium,
1605 2791 1731 2846 quod
1756 2804 1861 2834 cum

289 2865 462 2907 magna
493 2851 788 2896 dubitatione
819 2853 997 2909 recepi3
1034 2853 1305 2909 praeclarus
1337 2850 1462 2895 enim
1493 2850 1618 2906 quod
1649 2867 1707 2906 ω,
1738 2849 1862 2893 into-

288 2909 484 2953 lerabile
517 2924 617 2954 esse
650 2911 745 2955 fere
778 2911 1073 2956 consentient
1106 2925 1280 2955 omnes.
