2044 3220
232 143 426 201 (XVII.)
457 142 594 188 PAN.
627 142 841 188 DICTVS
872 143 1108 187 MANLIO
1141 143 1471 188 THEODORO
1505 142 1773 190 CONSVLI.
1821 144 1924 197 139

226 277 445 331 Intonet
486 278 684 330 erranti
725 277 893 348 digito
934 279 1255 347 penitusque
1296 279 1493 331 trabali

225 351 393 404 Vecte
434 352 744 404 laborantes
785 352 843 403 in
882 352 1118 403 carmina
1161 354 1392 405 concitet
1434 352 1618 419 imdaS‚

224 425 331 478 Vel
371 426 463 494 qui
502 443 649 478 more
689 425 869 477 avium
910 443 1023 477 sese
1063 426 1364 478 iaculentur
1403 428 1460 479 in
1500 445 1656 478 auras
1837 440 1921 479 320

228 498 573 568 Corporaque
613 499 892 551 aedificent
934 499 1090 550 celeri
1132 500 1421 551 crescentia
1461 518 1616 568 nexu,

228 572 469 636 Quorum
508 573 860 641 compositam
898 591 1030 641 puer
1070 578 1373 625 amentatus
1412 574 1469 625 in
1508 592 1681 625 arcem

225 647 437 699 Emicet
478 650 530 698 et
569 647 752 699 vinctu
790 646 1007 715 plantae
1047 647 1132 698 vel
1173 647 1416 699 cruribus
1456 647 1680 699 haerens

225 720 465 773 Pendula
504 720 702 773 librato
743 721 877 791 figat
916 721 1143 791 vestigia
1186 721 1340 772 saltu.

226 794 430 847 Mobile
469 795 795 863 ponderibus
837 794 1119 846 descendat
1159 812 1351 865 pegma
1391 793 1624 846 reductis
1836 809 1921 847 325

226 867 397 937 Inque
438 868 587 920 chori
627 869 857 937 speciem
898 871 1210 939 spargentes
1252 868 1415 920 ardua
1455 868 1698 919 flammas

228 942 429 996 Scaena
469 946 610 995 rotet
650 943 830 994 uarios
872 946 923 994 et
964 943 1134 1013 fingat
1174 942 1439 994 Mulciber
1480 942 1625 993 orbis

225 1016 330 1068 Per
367 1016 582 1069 tabulas
622 1016 838 1085 impime
877 1034 1046 1087 vagus
1087 1016 1366 1084 pictaeque
1408 1016 1572 1068 citato

224 1089 439 1143 Ludant
478 1091 603 1161 igne
643 1090 825 1142 trabes
867 1095 918 1142 et
957 1108 1069 1142 non
1107 1091 1367 1159 permissa
1408 1090 1607 1141 morari

225 1163 359 1216 Fida
397 1183 493 1233 per
531 1164 789 1217 innocuas
830 1168 1007 1217 errent
1046 1164 1289 1217 incendia
1329 1168 1518 1216 turres.
1836 1177 1922 1216 330

224 1238 449 1290 Lascivi
478 1239 658 1291 subito
700 1239 993 1309 confligant
1034 1257 1263 1321 aequore
1303 1237 1467 1289 lembi

227 1311 538 1409 Stagnaque
578 1313 873 1383 remigibus
914 1316 1161 1380 spument
1201 1312 1422 1363 inmissa
1465 1311 1687 1363 canoris

341 1385 572 1439 Consul
611 1405 705 1454 per
713 1359 974 1455 &populos
1013 1386 1258 1454 idemque
1300 1385 1650 1456 gravissimus
1691 1389 1879 1437 auctor

228 1460 465 1530 Eloquii‚
505 1460 705 1529 duplici
744 1461 854 1513 vita
896 1460 1156 1512 subnixus
1196 1460 1253 1511 in
1292 1478 1481 1511 aevum

226 1534 490 1586 Procedat
528 1535 731 1603 pariter
768 1534 922 1586 libris
963 1534 1224 1602 fastisque
1265 1533 1536 1603 legendus
1838 1546 1924 1586 335

228 1607 475 1677 Accipiat
513 1609 684 1677 patris
725 1608 1028 1677 exemplum
1065 1608 1376 1675 tribuatque
1415 1607 1600 1675 nepoti

227 1681 399 1734 Filius
440 1686 492 1734 et
533 1683 736 1751 coeptis
775 1701 841 1734 ne
882 1682 1019 1734 desit
1058 1681 1296 1734 fascibus
1337 1681 1504 1733 heres,

228 1756 492 1808 Decurrat
531 1757 776 1809 trabeata
816 1757 1005 1809 domus
1044 1756 1328 1824 tradatque
1371 1773 1581 1807 secures

228 1828 420 1882 Mutua
458 1831 748 1899 posteritas
788 1834 1106 1899 servatoque
1149 1829 1331 1883 ordine
1372 1829 1471 1882 fati

229 1902 432 1956 Manlia
472 1905 727 1958 continuo
766 1909 1076 1957 numeretm·
1116 1904 1334 1957 consule
1374 1902 1596 1972 proles'.
1839 1914 1926 1954 340
