2044 3220
155 77 363 136 (XXIV.)
403 77 484 122 DE
519 76 770 123 CONSVL.
805 75 1176 123 STILICHONIS
1209 79 1393 124 LIBER
1423 80 1694 128 TERTIVS.
1741 84 1847 137 175

143 214 218 267 Et
257 214 425 266 fixum
465 214 561 266 dea
601 217 821 282 quassat
862 213 994 265 ebur
1031 215 1354 284 penitusque
1395 218 1628 270 eruentis

146 287 419 356 Stirpibus
460 288 661 341 avulsis
699 287 917 356 patulos
959 293 1199 342 exarmat
1237 290 1433 343 hiatus,

142 360 298 431 Ipsos
339 362 472 430 quin
511 361 673 415 etiam
709 361 868 413 nobis
908 362 1167 415 miracula
1205 364 1367 416 vellet

142 435 371 488 Ducere:
414 436 507 488 sed
543 436 699 506 pigra
739 436 981 487 cunctari
1020 437 1162 488 mole
1201 442 1428 490 veretur.
1754 456 1840 494 355

254 509 560 579 Tyrrhenas
600 511 743 562 fetus
782 509 1016 578 Libycos
1057 511 1301 579 amplexa
1340 531 1435 580 per
1474 513 1644 566 undas

144 582 348 636 Classis
387 588 542 637 torva
583 587 754 653 sonat,
795 584 1122 652 caudamque
1170 585 1228 636 in
1266 605 1445 654 puppe
1485 591 1802 656 retorquens

138 656 226 709 Ad
263 676 482 727 proram
519 658 656 710 iacet
695 676 866 726 usque
905 658 1015 710 leo:
1055 659 1147 710 vix
1188 659 1434 712 sublevat
1473 680 1640 714 unum

142 731 316 784 Tarda
355 732 510 785 ratis!
549 731 820 784 Fremitus
862 732 1072 803 stagnis
1114 733 1330 785 auditur
1368 734 1425 786 in
1463 735 1586 787 imis

142 805 453 875 Cunctaque
491 806 785 876 prosiliunt
827 810 940 858 oete
980 810 1299 876 terrenaque
1337 807 1546 861 Nereus
1752 825 1837 865 360

142 879 362 933 Confert
401 884 643 933 monstra
684 881 795 932 suis
836 884 889 933 et
926 899 1039 933 non
1077 900 1305 950 aequare
1344 883 1559 936 fatetur.

136 953 390 1023 Aequora
429 955 508 1007 sio
545 955 719 1007 victor
760 955 1008 1023 quotiens
1047 974 1143 1024 per
1181 956 1344 1008 rubra
1382 957 1593 1026 Lyaeus

134 1027 390 1100 Navigat,
429 1029 707 1098 intorquet
748 1030 958 1082 olavum
998 1029 1212 1083 Silenus
1254 1035 1307 1083 et
1348 1050 1494 1084 acres

134 1102 419 1156 Adsudant
458 1104 633 1156 tonsis
675 1102 855 1173 Satyri
893 1104 1214 1173 taurinaque
1252 1106 1414 1174 pulsu

134 1176 469 1230 Baccharum
507 1177 759 1231 Bromios
799 1178 1032 1231 invita-nt
1072 1183 1329 1248 tympana
1369 1198 1566 1232 remos:
1750 1196 1834 1235 365

133 1251 394 1304 Transtra
431 1252 606 1323 ligant
645 1253 886 1323 hederae,
924 1254 1128 1305 malum
1169 1253 1478 1306 circumflua
1517 1255 1680 1307 vestit

132 1325 442 1397 Pampinus‚
482 1327 731 1379 antennis
770 1327 1032 1379 inlabitur
1071 1328 1220 1379 ebria
1260 1347 1493 1398 serpenS‚

132 1399 341 1469 Perque
381 1419 528 1453 mero
568 1401 811 1453 madidos
853 1405 1075 1454 currunt
1116 1402 1424 1471 saliuntque
1463 1403 1714 1456 rudentes

130 1473 340 1542 Lynees
382 1478 435 1527 et
473 1475 724 1528 insolitae
764 1476 1030 1528 mirantur
1070 1477 1291 1528 carbasa
1330 1477 1512 1548 tigres,

252 1640 338 1681 357
371 1637 528 1695 torva]
562 1637 773 1694 Birtius;
803 1637 957 1682 turba.
