2044 3220
199 69 308 121 232
744 65 986 110 CLAVDII
1019 66 1351 111 CLAVDIANl

198 204 296 273 Et,
338 221 457 255 cum
499 202 573 253 sic
613 201 815 271 rigidae
857 204 1037 252 cautes
1077 201 1284 253 fervore
1322 201 1644 270 liquescant,

276 275 610 343 Contemptis
651 275 823 326 audax
862 274 1081 345 ignibus
1121 275 1286 327 herba
1325 275 1476 327 viret.

198 387 480 438 Praeterea
520 385 747 456 grandes
789 384 983 436 effosso
1023 402 1286 436 marmore
1328 383 1462 436 sulci

276 459 465 512 Saucia
504 458 802 529 longinquo
843 457 1014 509 limite
1055 476 1181 509 saxa
1223 460 1417 509 secant.

199 532 451 585 Herculei
494 531 594 602 (sic
633 532 776 583 fama
816 530 1004 602 refert)
1044 535 1377 583 monstratur
1417 532 1581 583 aratri
1834 545 1892 586 25

275 606 502 675 Semita,
542 606 627 657 vel
668 623 821 657 casus
861 605 1091 657 vomeris
1132 605 1241 675 egit
1284 623 1430 672 opus

200 679 264 732 In
303 680 477 731 medio
517 679 696 750 pelagi
734 680 842 730 late
881 679 1161 749 flagrantis
1200 679 1379 748 imago

278 753 533 805 Caerulus
572 754 815 804 inmenso
854 753 1108 820 panditur
1149 771 1236 803 ore
1277 753 1424 803 lacus

199 826 413 897 Ingenti
453 827 606 878 fusus
648 827 846 895 spatio3
889 826 979 877 sed
1017 826 1188 877 maior
1226 826 1283 877 in
1323 826 1492 877 altum

273 900 448 952 Intrat
488 903 540 951 et
581 917 801 951 arcanae
835 899 982 967 rupis
1023 899 1179 950 inane
1222 899 1388 951 subit:
1834 915 1894 954 30

198 974 410 1026 Densus
449 974 591 1024 nube
633 991 727 1024 sua
766 976 1020 1039 tactuque
1060 973 1265 1024 inmitis
1306 977 1358 1024 et
1397 973 1617 1043 haustu,

274 1047 377 1100 Sed
415 1046 601 1098 vitreis
640 1045 780 1096 idem
819 1045 1026 1096 lucidus
1066 1064 1235 1113 usque
1273 1046 1437 1098 vadis

201 1120 485 1173 Consuluit
523 1122 717 1171 natura
757 1119 861 1169 sibi
870 1162 883 1187 7
921 1136 988 1170 ne
1028 1122 1145 1170 tota
1184 1119 1397 1188 lateret,
1536 1160 1539 1161 γ

271 1193 610 1260 Admisitque
653 1192 860 1261 oculos7
901 1210 1006 1259 quo
1046 1195 1193 1244 vetat
1230 1193 1308 1243 ire
1350 1194 1515 1244 calor:

198 1267 466 1320 Turbidus
505 1266 742 1335 impulsu
780 1266 927 1317 venti
968 1284 1088 1317 cum
1129 1266 1401 1336 spargitur
1440 1284 1529 1318 aer
1833 1281 1892 1321 35

274 1340 580 1408 Glaucaque
621 1339 901 1391 fumiferae
939 1342 1092 1409 terga
1134 1344 1342 1391 serenat
1383 1358 1550 1407 aquae
1560 1384 1573 1410 ⁷

199 1415 347 1467 Tunc
389 1432 600 1466 omnem
638 1413 830 1481 liquidi
868 1413 1063 1464 vallem
1101 1413 1363 1465 mirabere
1403 1414 1576 1483 fundi,

275 1488 425 1540 Tunc
463 1491 668 1540 veteres
707 1487 917 1556 hastae,
956 1487 1103 1557 regia
1144 1487 1303 1556 dona,
1341 1488 1542 1539 micant

198 1561 366 1632 (Quas
405 1562 570 1631 inter,
608 1561 794 1631 nigrae
834 1560 1070 1612 tenebris
1112 1561 1372 1612 obscurus
1410 1561 1660 1629 harenae,

270 1635 521 1687 Discolor
562 1635 852 1702 abruptum
890 1634 1090 1685 flumen
1128 1633 1308 1685 hiatus
1349 1634 1484 1704 agit3
1834 1649 1894 1690 40

195 1708 474 1777 Adparent
513 1708 654 1759 infra
692 1707 952 1775 latebrae,
994 1725 1125 1774 quas
1166 1726 1362 1777 gurges
1405 1726 1602 1775 opacus

270 1781 466 1850 Implet
507 1786 558 1833 et
599 1781 878 1832 abstrusos
920 1780 1064 1831 ducit
1103 1781 1161 1832 in
1200 1785 1353 1832 antra
1394 1779 1594 1852 sinus);

197 1855 347 1907 Tunc
385 1855 586 1906 montis
628 1858 830 1905 secreta
869 1857 1077 1923 patent,
1119 1855 1210 1921 qui
1249 1855 1419 1906 flexus
1457 1855 1515 1907 in
1554 1874 1736 1908 arcum

269 1928 520 1997 Aequora
560 1928 812 1996 pendenti
851 1928 1092 1997 margine
1134 1946 1339 1979 summa
1378 1928 1527 1998 ligat.

196 2040 335 2092 Viva
377 2042 661 2091 coronatos
702 2038 991 2109 adstringit
1033 2056 1222 2090 scaena
1261 2057 1509 2109 VaporeS‚
1557 2072 1560 2073 ν
1832 2054 1890 2094 45

268 2114 343 2165 Et
382 2113 514 2165 levis
556 2112 681 2164 exili
722 2112 917 2164 cortice
957 2115 1099 2163 terra
1137 2116 1290 2164 natat

198 2186 616 2254 Calcantumque
659 2186 807 2237 oneri
844 2204 1138 2253 numquam
1179 2204 1392 2237 cessura
1430 2187 1669 2239 virorum

271 2260 550 2313 Sustentat
589 2259 879 2328 trepidum,
919 2259 1024 2310 fida
1064 2260 1239 2329 ruina,
1277 2260 1479 2328 pedem.

192 2334 235 2386 F
241 2337 358 2385 acta
397 2352 560 2385 manu
601 2333 803 2384 credas:
846 2333 921 2384 sic
959 2333 1092 2384 levis
1134 2333 1322 2385 circuit
1363 2351 1483 2385 oras

269 2408 524 2459 Ambitus
565 2410 617 2458 et
656 2406 833 2458 tenuis
872 2410 1267 2475 perpetuusque
1306 2407 1460 2478 riget.
1831 2423 1887 2463 50

192 2480 432 2532 Haerent
473 2484 664 2550 stagna
702 2479 824 2531 lacu
861 2479 1047 2547 plenas
1088 2481 1371 2548 aequantia
1409 2480 1553 2548 ripas

268 2554 771 2622 Praescriptumque
810 2552 1002 2604 timent
1041 2554 1377 2605 transiluisse
1416 2554 1655 2624 modum3

197 2626 350 2689 Quod
391 2630 631 2696 superat,
670 2626 866 2678 fluvius
907 2626 1103 2678 devexa
1142 2646 1273 2695 rupe
1311 2627 1529 2679 volutus

270 2700 459 2770 Egerit
501 2705 552 2751 et
593 2701 765 2768 campi
805 2700 962 2751 dorsa
1001 2719 1219 2752 recurva
1258 2701 1408 2768 petit.

195 2773 427 2831 Devehit
467 2777 746 2840 exceptum
784 2773 968 2824 nativo
1010 2774 1161 2841 spina
1201 2778 1394 2826 meatu.
1828 2789 1885 2828 55

268 2845 333 2898 In
370 2846 583 2915 patulas
621 2846 831 2914 plumbi
870 2846 1072 2898 labitur
1109 2847 1231 2898 inde
1271 2848 1406 2918 vias3
