2085 3215
246 90 317 140 32
793 85 1037 130 CLAVDII
1069 85 1398 130 CLAVDIANI

244 224 594 292 Promittant,
636 240 770 289 quae
811 221 1037 289 quisque
1076 225 1241 290 petat,
1283 239 1415 290 quas
1456 220 1673 273 devoret
1711 221 1887 274 urbes,

361 297 621 365 Coeperat
659 295 924 347 humanos
964 296 1076 348 alto
1118 295 1294 364 sopire
1332 295 1545 347 labores

243 370 368 424 Nox
408 370 629 441 gremi0‚
667 369 957 440 nigrasque
999 388 1160 438 sopor
1200 368 1483 422 diffuderat
1522 368 1649 421 alas.
1850 384 1939 424 325

242 444 341 497 Ille
383 444 472 496 diu
512 444 653 496 curis
693 443 931 496 animum
972 443 1378 496 stimulantibus
1419 460 1574 512 aegre

241 519 470 571 Labitur
508 518 566 571 in
605 536 836 571 somnos
914 517 1053 570 Toto
1093 517 1183 569 vix
1224 516 1380 569 corde
1422 516 1646 586 quierat7

240 593 381 645 Ecce
419 593 564 645 videt
604 592 746 645 diras
787 591 1035 644 adludere
1073 591 1322 660 protinus
1361 590 1597 660 umbraS,

244 667 387 730 Quas
428 667 572 719 dedit
610 667 725 736 ipse
764 666 904 736 neci3
945 685 1171 734 quarum
1211 683 1346 734 quae
1386 664 1581 716 clarior
1619 683 1726 716 una

240 741 373 794 Visa
404 741 576 810 loqui:
617 741 764 793 ‘Prol
806 758 965 810 surge
995 744 1132 792 toro,
1196 738 1337 801 Quid
1366 738 1600 807 plurima
1630 738 1804 790 volvis
1851 753 1938 792 330

239 815 486 868 Anxius?
547 815 695 867 Haec
733 814 973 882 requiem
1011 814 1172 865 rebus
1211 814 1479 880 finemque
1517 812 1691 864 labori

238 889 503 942 Adlatura
545 889 678 941 dies:
720 888 865 940 omni
903 888 1012 939 iam
1049 887 1207 956 plebe
1246 886 1446 938 redibis

238 963 421 1016 Altior
461 968 512 1015 et
553 963 681 1015 laeti
720 961 970 1014 manibus
1009 961 1295 1030 portabere
1334 959 1519 1030 Vulgi.⁹

238 1037 354 1090 Has
394 1037 537 1089 canit
577 1037 845 1107 ambages,
925 1034 1149 1088 Occulto
1188 1034 1399 1087 fallitur
1436 1033 1529 1086 ille

239 1111 429 1164 Omine
467 1129 564 1163 nec
604 1110 795 1179 capitis
837 1110 1000 1162 sentit
1039 1109 1320 1179 praesagia
1358 1107 1467 1161 fixi.
1846 1122 1937 1161 335

349 1184 464 1237 Iam
505 1204 774 1237 summum
812 1184 976 1236 radiis
1017 1183 1319 1254 stringebat
1357 1182 1573 1234 Lucifer
1610 1181 1877 1234 Haemum

235 1260 278 1312 F
283 1260 618 1328 estinamque
657 1262 834 1311 rotam
873 1258 1036 1310 solito
1075 1256 1453 1326 properantior
1491 1259 1649 1326 urget

237 1334 474 1386 Tandem
513 1333 698 1386 Rufini
737 1333 951 1386 visurus
990 1333 1179 1385 funera
1218 1331 1400 1383 Titan:

236 1408 471 1461 Desiluit
512 1407 698 1460 stratis
739 1407 1038 1475 densaeque
1078 1405 1294 1475 capacia
1332 1404 1523 1456 turbae

235 1482 393 1535 Atria
433 1482 653 1553 regifico
693 1481 854 1534 iussit
894 1481 1170 1550 splendere
1210 1482 1404 1549 paratu
1847 1491 1936 1531 340

234 1557 544 1625 Exceptura
585 1556 745 1624 dapes
785 1559 855 1625 et,
896 1555 1039 1623 quod
1076 1558 1202 1623 post
1240 1557 1368 1606 vota
1408 1552 1638 1622 daretur,

234 1630 475 1699 Insculpi
513 1630 748 1699 propriis
787 1648 979 1681 aurum
1018 1629 1182 1680 fatale
1224 1627 1428 1698 figuris,

234 1704 358 1774 Ipse
399 1705 695 1757 salutatum
734 1703 953 1755 reduces
992 1706 1118 1771 post
1156 1701 1362 1771 proelia
1399 1704 1606 1753 turmas

234 1778 351 1831 Iam
389 1778 569 1849 regale
606 1781 821 1830 tumens
863 1781 915 1829 et
953 1776 1193 1845 principe
1235 1774 1426 1828 celsior
1462 1774 1580 1826 ibat

238 1852 496 1920 Collaque
535 1852 766 1904 femineo
807 1851 1052 1903 solvebat
1090 1850 1278 1902 mollia
1317 1852 1475 1920 gestu
1845 1861 1931 1901 345

233 1925 453 1995 Imperii
493 1930 670 1978 certus
680 1969 693 1995 7
731 1929 939 1995 tegeret
979 1943 1074 1976 ceu
1112 1941 1351 1992 purpura
1391 1921 1591 1974 dudum

237 2000 444 2069 Corpus
485 2004 538 2052 et
579 2000 824 2052 ardentes
866 1999 1133 2051 ambirent
1170 2002 1416 2066 tempora
1456 2013 1710 2066 gemmae.

344 2074 511 2127 Vrbis
553 2074 619 2125 ab
661 2077 893 2144 angusto
934 2076 1128 2143 tractu7
1170 2090 1275 2140 qua
1313 2070 1490 2141 vergit
1529 2069 1586 2122 in
1623 2068 1903 2140 Austrum,

230 2149 492 2202 Planities
531 2148 707 2200 vicina
745 2151 917 2215 patet:
956 2166 1083 2199 nam
1123 2150 1298 2198 cetera
1334 2148 1536 2214 pontus

235 2223 437 2277 Circuit
478 2222 672 2293 exiguo
714 2221 891 2273 dirimi
933 2240 988 2273 se
1026 2220 1199 2273 limite
1237 2237 1444 2288 passus
1841 2231 1928 2271 350

230 2297 335 2349 Hic
373 2297 542 2349 ultrix
582 2296 721 2348 acies
763 2299 957 2348 ornatu
993 2294 1172 2347 lucida
1209 2293 1403 2346 Martis

230 2371 510 2440 Explicuit
549 2388 760 2422 cuneos
837 2369 1051 2421 Pedites
1090 2369 1148 2420 in
1185 2371 1338 2436 parte
1378 2365 1599 2419 sinistra

235 2445 565 2497 Consistimt.
642 2443 872 2512 Equites
911 2443 1061 2495 illinc
1099 2441 1377 2511 poscentia
1417 2457 1631 2492 cursum

234 2518 340 2571 Ora
379 2519 714 2571 reluctantur
751 2517 951 2586 pressis
993 2517 1174 2569 sedare
1214 2515 1438 2584 lupatis3

231 2592 375 2644 Hinc
414 2593 506 2644 alii
547 2611 765 2644 saevum
804 2591 1026 2643 cristato
1065 2590 1264 2643 vertice
1301 2590 1498 2642 nutant
1841 2600 1927 2639 355
2003 2638 2008 2642 ,

231 2666 305 2718 Et
344 2667 604 2718 tremulos
644 2664 844 2718 umeris
883 2665 1119 2735 gaudent
1158 2664 1370 2716 vibrare
1409 2661 1631 2731 colores„

233 2739 379 2802 Quos
421 2740 594 2809 operit
632 2740 937 2807 formatque
977 2738 1224 2807 chalybs3
1264 2737 1548 2790 coniuncta
1586 2752 1682 2803 per
1720 2737 1891 2786 artem

230 2813 453 2865 Flexilis
493 2814 726 2866 inductis
766 2813 1036 2865 animatur
1073 2812 1273 2864 lamina
1311 2809 1593 2879 membris3

230 2887 534 2940 Horribiles
573 2888 714 2940 visu:
756 2887 938 2940 credas
979 2887 1264 2939 simulacra
1303 2884 1506 2937 moveri
