<?xml version="1.0" encoding="UTF-8"?>
<!DOCTYPE html PUBLIC "-//W3C//DTD XHTML 1.0 Transitional//EN"
    "http://www.w3.org/TR/xhtml1/DTD/xhtml1-transitional.dtd">
<html xmlns="http://www.w3.org/1999/xhtml" xml:lang="en" lang="en">
 <head>
  <title>
</title>
<meta http-equiv="Content-Type" content="text/html;charset=utf-8" />
  <meta name='ocr-system' content='tesseract 3.04.00' />
  <meta name='ocr-capabilities' content='ocr_page ocr_carea ocr_par ocr_line ocrx_word'/>
</head>
<body>
  <div class='ocr_page' id='page_1' title='image "./carmina00clauuoft_0024.png"; bbox 0 0 2029 3230; ppageno 0'>
   <div class='ocr_carea' id='block_1_1' title="bbox 153 137 1400 184">
    <p class='ocr_par' dir='ltr' id='par_1_1' title="bbox 153 137 1400 184">
     <span class='ocr_line' id='line_1_1' title="bbox 153 137 1400 184; baseline -0.002 0"><span class='ocrx_word' id='word_1_1' title='bbox 153 141 236 184; x_wconf 84' lang='lat' dir='ltr'>XX</span> <span class='ocrx_word' id='word_1_2' title='bbox 604 137 1074 183; x_wconf 77' lang='lat' dir='ltr'>ADNOTATIONES</span> <span class='ocrx_word' id='word_1_3' title='bbox 1108 137 1400 182; x_wconf 87' lang='lat' dir='ltr'><strong>CRITICAE.</strong></span> 
     </span>
    </p>
   </div>
   <div class='ocr_carea' id='block_1_2' title="bbox 187 268 1856 1273">
    <p class='ocr_par' dir='ltr' id='par_1_2' title="bbox 189 268 1848 385">
     <span class='ocr_line' id='line_1_2' title="bbox 189 268 1848 329; baseline -0.002 -12"><span class='ocrx_word' id='word_1_4' title='bbox 189 278 272 316; x_wconf 75' lang='lat'>154</span> <span class='ocrx_word' id='word_1_5' title='bbox 306 273 457 329; x_wconf 74' lang='lat' dir='ltr'>litai-i]</span> <span class='ocrx_word' id='word_1_6' title='bbox 506 271 562 315; x_wconf 90' lang='lat' dir='ltr'>cf.</span> <span class='ocrx_word' id='word_1_7' title='bbox 612 284 730 326; x_wconf 85' lang='lat' dir='ltr'>quae</span> <span class='ocrx_word' id='word_1_8' title='bbox 779 269 972 326; x_wconf 79' lang='lat' dir='ltr'>exposui</span> <span class='ocrx_word' id='word_1_9' title='bbox 1009 269 1059 312; x_wconf 91' lang='lat' dir='ltr'>in</span> <span class='ocrx_word' id='word_1_10' title='bbox 1098 269 1428 313; x_wconf 72' lang='lat' dir='ltr'>dissertatione</span> <span class='ocrx_word' id='word_1_11' title='bbox 1480 268 1567 312; x_wconf 77' lang='lat' dir='ltr'>‘De</span> <span class='ocrx_word' id='word_1_12' title='bbox 1607 268 1848 314; x_wconf 80' lang='lat' dir='ltr'>codicibus</span> 
     </span>
     <span class='ocr_line' id='line_1_3' title="bbox 306 327 1845 385; baseline -0.002 -11"><span class='ocrx_word' id='word_1_13' title='bbox 306 330 588 374; x_wconf 84' lang='lat' dir='ltr'>Cuiacianis’</span> <span class='ocrx_word' id='word_1_14' title='bbox 625 329 791 385; x_wconf 86' lang='lat' dir='ltr'>(Marp.</span> <span class='ocrx_word' id='word_1_15' title='bbox 815 327 1263 385; x_wconf 88' lang='lat' dir='ltr'>MDCCCLXXXIX)</span> <span class='ocrx_word' id='word_1_16' title='bbox 1293 344 1338 385; x_wconf 90' lang='lat' dir='ltr'>p.</span> <span class='ocrx_word' id='word_1_17' title='bbox 1365 332 1420 371; x_wconf 85' lang='lat'>59</span> <span class='ocrx_word' id='word_1_18' title='bbox 1456 329 1503 371; x_wconf 80' lang='lat' dir='ltr'>et</span> <span class='ocrx_word' id='word_1_19' title='bbox 1526 327 1596 373; x_wconf 87' lang='lat' dir='ltr'>Bi.</span> <span class='ocrx_word' id='word_1_20' title='bbox 1621 327 1718 374; x_wconf 89' lang='lat' dir='ltr'>ind.</span> <span class='ocrx_word' id='word_1_21' title='bbox 1743 343 1777 374; x_wconf 80' lang='lat' dir='ltr'>S.</span> <span class='ocrx_word' id='word_1_22' title='bbox 1802 343 1845 372; x_wconf 81' lang='lat' dir='ltr'>V.</span> 
     </span>
    </p>

    <p class='ocr_par' dir='ltr' id='par_1_3' title="bbox 192 386 1847 561">
     <span class='ocr_line' id='line_1_4' title="bbox 192 386 1847 446; baseline -0.002 -13"><span class='ocrx_word' id='word_1_23' title='bbox 192 395 274 433; x_wconf 81' lang='grc'>173</span> <span class='ocrx_word' id='word_1_24' title='bbox 307 389 658 446; x_wconf 70' lang='lat' dir='ltr'>Instabilesque]</span> <span class='ocrx_word' id='word_1_25' title='bbox 693 403 776 444; x_wconf 71' lang='lat' dir='ltr'>que</span> <span class='ocrx_word' id='word_1_26' title='bbox 809 387 1065 431; x_wconf 89' lang='lat' dir='ltr'>omiserunt</span> <span class='ocrx_word' id='word_1_27' title='bbox 1087 388 1188 431; x_wconf 87' lang='lat' dir='ltr'>VH</span> <span class='ocrx_word' id='word_1_28' title='bbox 1215 395 1263 431; x_wconf 87' lang='lat' dir='ltr'>et</span> <span class='ocrx_word' id='word_1_29' title='bbox 1294 386 1531 443; x_wconf 85' lang='lat' dir='ltr'>proximus</span> <span class='ocrx_word' id='word_1_30' title='bbox 1564 386 1745 440; x_wconf 64' lang='lat' dir='ltr'>editor3v</span> <span class='ocrx_word' id='word_1_31' title='bbox 1768 387 1847 430; x_wconf 84' lang='lat' dir='ltr'>vix</span> 
     </span>
     <span class='ocr_line' id='line_1_5' title="bbox 307 445 1847 502; baseline -0.001 -11"><span class='ocrx_word' id='word_1_32' title='bbox 307 451 463 491; x_wconf 84' lang='lat' dir='ltr'>autem</span> <span class='ocrx_word' id='word_1_33' title='bbox 498 447 659 490; x_wconf 78' lang='lat' dir='ltr'>deesse</span> <span class='ocrx_word' id='word_1_34' title='bbox 690 450 849 502; x_wconf 80' lang='lat' dir='ltr'>potest</span> <span class='ocrx_word' id='word_1_35' title='bbox 880 446 1049 502; x_wconf 87' lang='lat' dir='ltr'>copula</span> <span class='ocrx_word' id='word_1_36' title='bbox 1089 446 1343 489; x_wconf 87' lang='lat' dir='ltr'>secundum</span> <span class='ocrx_word' id='word_1_37' title='bbox 1375 445 1625 489; x_wconf 86' lang='lat' dir='ltr'>Claudiani</span> <span class='ocrx_word' id='word_1_38' title='bbox 1657 459 1847 490; x_wconf 89' lang='lat' dir='ltr'>consue·</span> 
     </span>
     <span class='ocr_line' id='line_1_6' title="bbox 305 505 1076 561; baseline -0.001 -11"><span class='ocrx_word' id='word_1_39' title='bbox 305 506 517 550; x_wconf 86' lang='lat' dir='ltr'>tudinem</span> <span class='ocrx_word' id='word_1_40' title='bbox 551 508 608 549; x_wconf 81' lang='lat' dir='ltr'>ct&#39;.</span> <span class='ocrx_word' id='word_1_41' title='bbox 634 506 703 550; x_wconf 88' lang='lat' dir='ltr'>Bi.</span> <span class='ocrx_word' id='word_1_42' title='bbox 736 505 882 561; x_wconf 85' lang='lat' dir='ltr'>praef.</span> <span class='ocrx_word' id='word_1_43' title='bbox 910 505 1076 550; x_wconf 86' lang='lat' dir='ltr'>CCXX.</span> 
     </span>
    </p>

    <p class='ocr_par' dir='ltr' id='par_1_4' title="bbox 187 562 1850 739">
     <span class='ocr_line' id='line_1_7' title="bbox 187 562 1846 622; baseline -0.002 -13"><span class='ocrx_word' id='word_1_44' title='bbox 187 571 270 609; x_wconf 84' lang='grc'>219</span> <span class='ocrx_word' id='word_1_45' title='bbox 305 566 402 610; x_wconf 76' lang='lat' dir='ltr'>Nee</span> <span class='ocrx_word' id='word_1_46' title='bbox 428 600 436 609; x_wconf 91' lang='lat'><strong>.</strong></span> <span class='ocrx_word' id='word_1_47' title='bbox 458 600 466 609; x_wconf 92' lang='lat'><em>.</em></span> <span class='ocrx_word' id='word_1_48' title='bbox 492 565 592 622; x_wconf 70' lang='lat' dir='ltr'>ozee]</span> <span class='ocrx_word' id='word_1_49' title='bbox 619 578 900 620; x_wconf 87' lang='lat' dir='ltr'>quamquam</span> <span class='ocrx_word' id='word_1_50' title='bbox 925 564 1049 607; x_wconf 88' lang='lat' dir='ltr'>solus</span> <span class='ocrx_word' id='word_1_51' title='bbox 1065 568 1104 608; x_wconf 83' lang='lat' dir='ltr'><strong><em>A</em></strong></span> <span class='ocrx_word' id='word_1_52' title='bbox 1122 565 1134 587; x_wconf 86' lang='lat'>¹</span> <span class='ocrx_word' id='word_1_53' title='bbox 1160 565 1356 619; x_wconf 83' lang='lat' dir='ltr'>praebet</span> <span class='ocrx_word' id='word_1_54' title='bbox 1379 563 1610 619; x_wconf 77' lang='lat' dir='ltr'>probante</span> <span class='ocrx_word' id='word_1_55' title='bbox 1636 576 1746 606; x_wconf 87' lang='lat' dir='ltr'>sane</span> <span class='ocrx_word' id='word_1_56' title='bbox 1763 562 1846 618; x_wconf 80' lang='lat' dir='ltr'>A2‚</span> 
     </span>
     <span class='ocr_line' id='line_1_8' title="bbox 306 621 1850 679; baseline 0 -13"><span class='ocrx_word' id='word_1_57' title='bbox 306 626 468 667; x_wconf 90' lang='lat' dir='ltr'>tamen</span> <span class='ocrx_word' id='word_1_58' title='bbox 500 623 628 666; x_wconf 90' lang='lat' dir='ltr'>edidi</span> <span class='ocrx_word' id='word_1_59' title='bbox 666 623 984 679; x_wconf 86' lang='lat' dir='ltr'>quadruplicis</span> <span class='ocrx_word' id='word_1_60' title='bbox 1024 622 1290 666; x_wconf 79' lang='lat' dir='ltr'>iterationis</span> <span class='ocrx_word' id='word_1_61' title='bbox 1322 622 1519 665; x_wconf 86' lang='lat' dir='ltr'>voculae</span> <span class='ocrx_word' id='word_1_62' title='bbox 1557 636 1650 666; x_wconf 73' lang='lat' dir='ltr'>‘non</span> <span class='ocrx_word' id='word_1_63' title='bbox 1689 621 1850 666; x_wconf 84' lang='lat' dir='ltr'>taedio</span> 
     </span>
     <span class='ocr_line' id='line_1_9' title="bbox 310 681 1373 739; baseline 0.001 -13"><span class='ocrx_word' id='word_1_64' title='bbox 310 686 475 739; x_wconf 88' lang='lat' dir='ltr'>captus</span> <span class='ocrx_word' id='word_1_65' title='bbox 507 682 815 737; x_wconf 79' lang='lat' dir='ltr'>variandique</span> <span class='ocrx_word' id='word_1_66' title='bbox 849 681 1003 725; x_wconf 90' lang='lat' dir='ltr'>studio</span> <span class='ocrx_word' id='word_1_67' title='bbox 1038 681 1262 724; x_wconf 79' lang='lat' dir='ltr'>adlectus</span> <span class='ocrx_word' id='word_1_68' title='bbox 1356 713 1373 727; x_wconf 88' lang='grc'><strong>.</strong></span> 
     </span>
    </p>

    <p class='ocr_par' dir='ltr' id='par_1_5' title="bbox 188 738 1851 915">
     <span class='ocr_line' id='line_1_10' title="bbox 188 738 1851 800; baseline -0.001 -16"><span class='ocrx_word' id='word_1_69' title='bbox 188 746 274 786; x_wconf 89' lang='grc'>230</span> <span class='ocrx_word' id='word_1_70' title='bbox 306 742 454 800; x_wconf 86' lang='lat' dir='ltr'>caesa]</span> <span class='ocrx_word' id='word_1_71' title='bbox 499 741 794 784; x_wconf 79' lang='lat' dir='ltr'>obstantibus</span> <span class='ocrx_word' id='word_1_72' title='bbox 835 741 876 783; x_wconf 90' lang='lat' dir='ltr'><strong>V</strong></span> <span class='ocrx_word' id='word_1_73' title='bbox 911 743 959 783; x_wconf 90' lang='lat' dir='ltr'>et</span> <span class='ocrx_word' id='word_1_74' title='bbox 992 739 1045 795; x_wconf 85' lang='lat' dir='ltr'>C,</span> <span class='ocrx_word' id='word_1_75' title='bbox 1094 739 1175 795; x_wconf 90' lang='lat' dir='ltr'>qui</span> <span class='ocrx_word' id='word_1_76' title='bbox 1214 739 1324 782; x_wconf 81' lang='lat' dir='ltr'>libri</span> <span class='ocrx_word' id='word_1_77' title='bbox 1364 742 1482 784; x_wconf 84' lang='lat' dir='ltr'>caesi</span> <span class='ocrx_word' id='word_1_78' title='bbox 1521 739 1614 795; x_wconf 90' lang='lat' dir='ltr'>(uel</span> <span class='ocrx_word' id='word_1_79' title='bbox 1654 740 1767 799; x_wconf 65' lang='lat' dir='ltr'>cesti</span> <span class='ocrx_word' id='word_1_80' title='bbox 1800 738 1851 794; x_wconf 83' lang='lat' dir='ltr'>C)</span> 
     </span>
     <span class='ocr_line' id='line_1_11' title="bbox 304 797 1850 856; baseline -0.002 -13"><span class='ocrx_word' id='word_1_81' title='bbox 304 801 481 856; x_wconf 77' lang='lat' dir='ltr'>legunt,</span> <span class='ocrx_word' id='word_1_82' title='bbox 515 800 720 856; x_wconf 88' lang='lat' dir='ltr'>praetuli</span> <span class='ocrx_word' id='word_1_83' title='bbox 751 798 1082 856; x_wconf 80' lang='lat' dir='ltr'>grammatices</span> <span class='ocrx_word' id='word_1_84' title='bbox 1114 798 1301 855; x_wconf 86' lang='lat' dir='ltr'>regulas</span> <span class='ocrx_word' id='word_1_85' title='bbox 1333 812 1426 841; x_wconf 91' lang='lat' dir='ltr'>non</span> <span class='ocrx_word' id='word_1_86' title='bbox 1453 797 1551 842; x_wconf 88' lang='lat' dir='ltr'>sine</span> <span class='ocrx_word' id='word_1_87' title='bbox 1579 811 1720 842; x_wconf 80' lang='lat' dir='ltr'>causa</span> <span class='ocrx_word' id='word_1_88' title='bbox 1743 811 1850 854; x_wconf 82' lang='lat' dir='ltr'>gra-</span> 
     </span>
     <span class='ocr_line' id='line_1_12' title="bbox 306 859 1101 915; baseline -0.003 -13"><span class='ocrx_word' id='word_1_89' title='bbox 306 859 501 902; x_wconf 81' lang='lat' dir='ltr'>vissima</span> <span class='ocrx_word' id='word_1_90' title='bbox 532 861 723 915; x_wconf 82' lang='lat' dir='ltr'>neglegi</span> <span class='ocrx_word' id='word_1_91' title='bbox 756 859 924 902; x_wconf 90' lang='lat' dir='ltr'>debere</span> <span class='ocrx_word' id='word_1_92' title='bbox 957 860 1101 901; x_wconf 91' lang='lat' dir='ltr'>ratus.</span> 
     </span>
    </p>

    <p class='ocr_par' dir='ltr' id='par_1_6' title="bbox 187 915 1853 1138">
     <span class='ocr_line' id='line_1_13' title="bbox 187 915 1850 976; baseline -0.003 -14"><span class='ocrx_word' id='word_1_93' title='bbox 187 922 272 962; x_wconf 84' lang='grc'>238</span> <span class='ocrx_word' id='word_1_94' title='bbox 298 933 469 976; x_wconf 73' lang='lat' dir='ltr'>parum</span> <span class='ocrx_word' id='word_1_95' title='bbox 501 919 582 976; x_wconf 78' lang='lat' dir='ltr'>est]</span> <span class='ocrx_word' id='word_1_96' title='bbox 631 924 693 962; x_wconf 76' lang='lat' dir='ltr'>est</span> <span class='ocrx_word' id='word_1_97' title='bbox 733 917 893 961; x_wconf 89' lang='lat' dir='ltr'>omisit</span> <span class='ocrx_word' id='word_1_98' title='bbox 931 916 1107 959; x_wconf 85' lang='lat' dir='ltr'>Birtius</span> <span class='ocrx_word' id='word_1_99' title='bbox 1157 917 1322 959; x_wconf 89' lang='lat' dir='ltr'>contra</span> <span class='ocrx_word' id='word_1_100' title='bbox 1368 915 1577 959; x_wconf 88' lang='lat' dir='ltr'>omnium</span> <span class='ocrx_word' id='word_1_101' title='bbox 1621 915 1850 958; x_wconf 88' lang='lat' dir='ltr'>librorum</span> 
     </span>
     <span class='ocr_line' id='line_1_14' title="bbox 312 973 1852 1030; baseline -0.003 -10"><span class='ocrx_word' id='word_1_102' title='bbox 312 991 608 1030; x_wconf 87' lang='lat' dir='ltr'>consensum,</span> <span class='ocrx_word' id='word_1_103' title='bbox 650 975 1056 1020; x_wconf 84' lang='lat' dir='ltr'>observat-ionibus</span> <span class='ocrx_word' id='word_1_104' title='bbox 1091 988 1206 1030; x_wconf 87' lang='lat' dir='ltr'>quas</span> <span class='ocrx_word' id='word_1_105' title='bbox 1248 974 1304 1017; x_wconf 90' lang='lat' dir='ltr'>de</span> <span class='ocrx_word' id='word_1_106' title='bbox 1338 973 1586 1017; x_wconf 82' lang='lat' dir='ltr'>Claudiani</span> <span class='ocrx_word' id='word_1_107' title='bbox 1625 973 1852 1017; x_wconf 89' lang='lat' dir='ltr'>sermonis</span> 
     </span>
     <span class='ocr_line' id='line_1_15' title="bbox 309 1031 1853 1138; baseline -0.001 -59"><span class='ocrx_word' id='word_1_108' title='bbox 309 1035 646 1138; x_wconf 54' lang='lat' dir='ltr'>consgetudine</span> <span class='ocrx_word' id='word_1_109' title='bbox 671 1036 798 1090; x_wconf 86' lang='lat' dir='ltr'>fecit,</span> <span class='ocrx_word' id='word_1_110' title='bbox 831 1034 970 1078; x_wconf 88' lang='lat' dir='ltr'>nimis</span> <span class='ocrx_word' id='word_1_111' title='bbox 996 1037 1048 1077; x_wconf 87' lang='lat' dir='ltr'>ut</span> <span class='ocrx_word' id='word_1_112' title='bbox 1073 1047 1176 1077; x_wconf 90' lang='lat' dir='ltr'>reor</span> <span class='ocrx_word' id='word_1_113' title='bbox 1199 1032 1470 1089; x_wconf 84' lang='lat' dir='ltr'>indulgens;</span> <span class='ocrx_word' id='word_1_114' title='bbox 1498 1033 1553 1077; x_wconf 90' lang='lat' dir='ltr'>cf.</span> <span class='ocrx_word' id='word_1_115' title='bbox 1582 1032 1680 1076; x_wconf 89' lang='lat' dir='ltr'>eius</span> <span class='ocrx_word' id='word_1_116' title='bbox 1703 1031 1853 1088; x_wconf 81' lang='lat' dir='ltr'>praef.</span> 
     </span>
    </p>

    <p class='ocr_par' dir='ltr' id='par_1_7' title="bbox 194 1156 1856 1273">
     <span class='ocr_line' id='line_1_16' title="bbox 194 1156 1856 1218; baseline -0.002 -14"><span class='ocrx_word' id='word_1_117' title='bbox 194 1165 280 1205; x_wconf 81' lang='lat'>253</span> <span class='ocrx_word' id='word_1_118' title='bbox 315 1162 486 1218; x_wconf 72' lang='lat' dir='ltr'>Syllae]</span> <span class='ocrx_word' id='word_1_119' title='bbox 523 1160 821 1204; x_wconf 83' lang='lat' dir='ltr'>scribendum</span> <span class='ocrx_word' id='word_1_120' title='bbox 855 1173 955 1203; x_wconf 86' lang='lat' dir='ltr'>esse</span> <span class='ocrx_word' id='word_1_121' title='bbox 987 1173 1093 1202; x_wconf 81' lang='lat' dir='ltr'>mss,</span> <span class='ocrx_word' id='word_1_122' title='bbox 1129 1160 1321 1202; x_wconf 88' lang='lat' dir='ltr'>monent</span> <span class='ocrx_word' id='word_1_123' title='bbox 1365 1160 1412 1202; x_wconf 89' lang='lat' dir='ltr'>et</span> <span class='ocrx_word' id='word_1_124' title='bbox 1445 1157 1510 1202; x_wconf 88' lang='lat' dir='ltr'>sic</span> <span class='ocrx_word' id='word_1_125' title='bbox 1541 1156 1610 1202; x_wconf 88' lang='lat' dir='ltr'>Bi.</span> <span class='ocrx_word' id='word_1_126' title='bbox 1644 1157 1856 1201; x_wconf 84' lang='lat' dir='ltr'>restituit</span> 
     </span>
     <span class='ocr_line' id='line_1_17' title="bbox 313 1217 1574 1273; baseline -0.001 -11"><span class='ocrx_word' id='word_1_127' title='bbox 313 1219 379 1262; x_wconf 84' lang='lat' dir='ltr'>VI</span> <span class='ocrx_word' id='word_1_128' title='bbox 404 1233 527 1263; x_wconf 90' lang='lat' dir='ltr'>cons.</span> <span class='ocrx_word' id='word_1_129' title='bbox 554 1221 672 1262; x_wconf 86' lang='lat' dir='ltr'>Hon.</span> <span class='ocrx_word' id='word_1_130' title='bbox 701 1224 806 1273; x_wconf 81' lang='lat'><strong>3833</strong></span> <span class='ocrx_word' id='word_1_131' title='bbox 842 1218 898 1262; x_wconf 86' lang='lat' dir='ltr'>cf.</span> <span class='ocrx_word' id='word_1_132' title='bbox 932 1218 1031 1261; x_wconf 89' lang='lat' dir='ltr'>eius</span> <span class='ocrx_word' id='word_1_133' title='bbox 1065 1218 1421 1261; x_wconf 85' lang='lat' dir='ltr'>adnotationem</span> <span class='ocrx_word' id='word_1_134' title='bbox 1453 1217 1514 1261; x_wconf 88' lang='lat' dir='ltr'>ad</span> <span class='ocrx_word' id='word_1_135' title='bbox 1544 1217 1574 1261; x_wconf 87' lang='lat'>1.</span> 
     </span>
    </p>
   </div>
   <div class='ocr_carea' id='block_1_3' title="bbox 193 1281 1874 2246">
    <p class='ocr_par' dir='ltr' id='par_1_8' title="bbox 193 1281 1857 1694">
     <span class='ocr_line' id='line_1_18' title="bbox 193 1281 1857 1342; baseline -0.001 -14"><span class='ocrx_word' id='word_1_136' title='bbox 193 1289 275 1330; x_wconf 82' lang='lat'>287</span> <span class='ocrx_word' id='word_1_137' title='bbox 309 1300 411 1330; x_wconf 76' lang='lat' dir='ltr'>cum</span> <span class='ocrx_word' id='word_1_138' title='bbox 429 1299 589 1342; x_wconf 75' lang='lat' dir='ltr'>pressa</span> <span class='ocrx_word' id='word_1_139' title='bbox 612 1291 757 1329; x_wconf 74' lang='lat' dir='ltr'>mat-re</span> <span class='ocrx_word' id='word_1_140' title='bbox 781 1285 976 1342; x_wconf 82' lang='lat' dir='ltr'>rebellis]</span> <span class='ocrx_word' id='word_1_141' title='bbox 1002 1298 1103 1328; x_wconf 77' lang='lat' dir='ltr'>cum</span> <span class='ocrx_word' id='word_1_142' title='bbox 1121 1298 1281 1341; x_wconf 73' lang='lat' dir='ltr'>pressa</span> <span class='ocrx_word' id='word_1_143' title='bbox 1306 1283 1421 1327; x_wconf 85' lang='lat' dir='ltr'>duce</span> <span class='ocrx_word' id='word_1_144' title='bbox 1448 1282 1480 1326; x_wconf 88' lang='lat' dir='ltr'>C</span> <span class='ocrx_word' id='word_1_145' title='bbox 1506 1281 1655 1336; x_wconf 80' lang='lat' dir='ltr'>edidi;</span> <span class='ocrx_word' id='word_1_146' title='bbox 1680 1283 1857 1327; x_wconf 84' lang='lat' dir='ltr'>rebellis</span> 
     </span>
     <span class='ocr_line' id='line_1_19' title="bbox 314 1340 1857 1400; baseline -0.003 -12"><span class='ocrx_word' id='word_1_147' title='bbox 314 1358 473 1388; x_wconf 86' lang='lat' dir='ltr'>omnes</span> <span class='ocrx_word' id='word_1_148' title='bbox 508 1344 617 1388; x_wconf 86' lang='lat' dir='ltr'>libri</span> <span class='ocrx_word' id='word_1_149' title='bbox 649 1346 774 1400; x_wconf 85' lang='lat' dir='ltr'>(nam</span> <span class='ocrx_word' id='word_1_150' title='bbox 806 1343 932 1386; x_wconf 89' lang='lat' dir='ltr'>idem</span> <span class='ocrx_word' id='word_1_151' title='bbox 965 1345 1088 1386; x_wconf 79' lang='lat' dir='ltr'>certe</span> <span class='ocrx_word' id='word_1_152' title='bbox 1120 1342 1224 1385; x_wconf 76' lang='lat' dir='ltr'>vult</span> <span class='ocrx_word' id='word_1_153' title='bbox 1248 1342 1280 1386; x_wconf 83' lang='lat' dir='ltr'>C</span> <span class='ocrx_word' id='word_1_154' title='bbox 1305 1343 1488 1387; x_wconf 83' lang='lat' dir='ltr'>reuellis</span> <span class='ocrx_word' id='word_1_155' title='bbox 1521 1340 1747 1396; x_wconf 88' lang='lat' dir='ltr'>scribens)</span> <span class='ocrx_word' id='word_1_156' title='bbox 1781 1354 1857 1384; x_wconf 87' lang='lat' dir='ltr'>ex-</span> 
     </span>
     <span class='ocr_line' id='line_1_20' title="bbox 315 1400 1857 1460; baseline -0.003 -14"><span class='ocrx_word' id='word_1_157' title='bbox 315 1406 452 1460; x_wconf 88' lang='lat' dir='ltr'>cepto</span> <span class='ocrx_word' id='word_1_158' title='bbox 477 1403 519 1445; x_wconf 90' lang='lat' dir='ltr'><strong>V</strong></span> <span class='ocrx_word' id='word_1_159' title='bbox 539 1404 551 1427; x_wconf 82' lang='lat'>¹</span> <span class='ocrx_word' id='word_1_160' title='bbox 575 1402 656 1458; x_wconf 89' lang='lat' dir='ltr'>qui</span> <span class='ocrx_word' id='word_1_161' title='bbox 678 1403 868 1447; x_wconf 77' lang='lat' dir='ltr'>rebellas</span> <span class='ocrx_word' id='word_1_162' title='bbox 891 1401 1052 1457; x_wconf 83' lang='lat' dir='ltr'>tradit,</span> <span class='ocrx_word' id='word_1_163' title='bbox 1085 1416 1225 1456; x_wconf 88' lang='lat' dir='ltr'>quam</span> <span class='ocrx_word' id='word_1_164' title='bbox 1252 1401 1504 1444; x_wconf 88' lang='lat' dir='ltr'>lectionem</span> <span class='ocrx_word' id='word_1_165' title='bbox 1531 1400 1630 1445; x_wconf 88' lang='lat' dir='ltr'>sine</span> <span class='ocrx_word' id='word_1_166' title='bbox 1654 1400 1857 1444; x_wconf 88' lang='lat' dir='ltr'>necessi-</span> 
     </span>
     <span class='ocr_line' id='line_1_21' title="bbox 314 1458 1856 1517; baseline -0.001 -11"><span class='ocrx_word' id='word_1_167' title='bbox 314 1465 429 1515; x_wconf 83' lang='lat' dir='ltr'>tate,</span> <span class='ocrx_word' id='word_1_168' title='bbox 464 1462 504 1505; x_wconf 92' lang='lat' dir='ltr'>si</span> <span class='ocrx_word' id='word_1_169' title='bbox 529 1462 643 1517; x_wconf 91' lang='lat' dir='ltr'>quid</span> <span class='ocrx_word' id='word_1_170' title='bbox 665 1461 819 1514; x_wconf 78' lang='lat' dir='ltr'>video,</span> <span class='ocrx_word' id='word_1_171' title='bbox 844 1460 913 1505; x_wconf 92' lang='lat' dir='ltr'>Bi.</span> <span class='ocrx_word' id='word_1_172' title='bbox 939 1460 983 1503; x_wconf 81' lang='lat' dir='ltr'>in</span> <span class='ocrx_word' id='word_1_173' title='bbox 1011 1462 1232 1504; x_wconf 72' lang='lat' dir='ltr'>rebellans</span> <span class='ocrx_word' id='word_1_174' title='bbox 1255 1459 1477 1514; x_wconf 81' lang='lat' dir='ltr'>mutavit3</span> <span class='ocrx_word' id='word_1_175' title='bbox 1503 1459 1560 1502; x_wconf 90' lang='lat' dir='ltr'>cf.</span> <span class='ocrx_word' id='word_1_176' title='bbox 1587 1459 1685 1503; x_wconf 88' lang='lat' dir='ltr'>eius</span> <span class='ocrx_word' id='word_1_177' title='bbox 1710 1458 1856 1516; x_wconf 88' lang='lat' dir='ltr'>praef.</span> 
     </span>
     <span class='ocr_line' id='line_1_22' title="bbox 313 1519 1856 1577; baseline -0.003 -12"><span class='ocrx_word' id='word_1_178' title='bbox 313 1537 356 1577; x_wconf 91' lang='lat' dir='ltr'>p.</span> <span class='ocrx_word' id='word_1_179' title='bbox 392 1520 491 1564; x_wconf 77' lang='lat' dir='ltr'>CIV</span> <span class='ocrx_word' id='word_1_180' title='bbox 509 1536 574 1576; x_wconf 80' lang='lat' dir='ltr'>sq.</span> <span class='ocrx_word' id='word_1_181' title='bbox 639 1536 739 1565; x_wconf 76' lang='lat' dir='ltr'>eum</span> <span class='ocrx_word' id='word_1_182' title='bbox 771 1534 931 1576; x_wconf 74' lang='lat' dir='ltr'>pressa</span> <span class='ocrx_word' id='word_1_183' title='bbox 974 1525 1117 1563; x_wconf 67' lang='lat' dir='ltr'>viam</span> <span class='ocrx_word' id='word_1_184' title='bbox 1154 1520 1341 1564; x_wconf 73' lang='lat' dir='ltr'>rebellas</span> <span class='ocrx_word' id='word_1_185' title='bbox 1380 1519 1695 1562; x_wconf 87' lang='lat' dir='ltr'>Mommsenus</span> <span class='ocrx_word' id='word_1_186' title='bbox 1734 1531 1856 1561; x_wconf 91' lang='lat' dir='ltr'>com-</span> 
     </span>
     <span class='ocr_line' id='line_1_23' title="bbox 311 1577 1857 1635; baseline -0.001 -13"><span class='ocrx_word' id='word_1_187' title='bbox 311 1580 516 1632; x_wconf 53' lang='lat' dir='ltr'>mendat</span> <span class='ocrx_word' id='word_1_188' title='bbox 551 1579 677 1635; x_wconf 89' lang='lat' dir='ltr'>quod</span> <span class='ocrx_word' id='word_1_189' title='bbox 703 1579 926 1635; x_wconf 85' lang='lat' dir='ltr'>placeret,</span> <span class='ocrx_word' id='word_1_190' title='bbox 961 1579 1000 1620; x_wconf 87' lang='lat' dir='ltr'>si</span> <span class='ocrx_word' id='word_1_191' title='bbox 1025 1578 1289 1622; x_wconf 85' lang='lat' dir='ltr'>interiectio</span> <span class='ocrx_word' id='word_1_192' title='bbox 1314 1592 1339 1622; x_wconf 94' lang='lat' dir='ltr'>o</span> <span class='ocrx_word' id='word_1_193' title='bbox 1366 1579 1473 1621; x_wconf 85' lang='lat' dir='ltr'>ante</span> <span class='ocrx_word' id='word_1_194' title='bbox 1500 1577 1690 1633; x_wconf 86' lang='lat' dir='ltr'>plenum</span> <span class='ocrx_word' id='word_1_195' title='bbox 1715 1590 1857 1620; x_wconf 87' lang='lat' dir='ltr'>enun-</span> 
     </span>
     <span class='ocr_line' id='line_1_24' title="bbox 311 1637 1100 1694; baseline -0.003 -12"><span class='ocrx_word' id='word_1_196' title='bbox 311 1641 483 1682; x_wconf 85' lang='lat' dir='ltr'>tiatum</span> <span class='ocrx_word' id='word_1_197' title='bbox 514 1639 672 1694; x_wconf 88' lang='lat' dir='ltr'>posita</span> <span class='ocrx_word' id='word_1_198' title='bbox 703 1637 896 1682; x_wconf 82' lang='lat' dir='ltr'>tolerari</span> <span class='ocrx_word' id='word_1_199' title='bbox 927 1640 1100 1692; x_wconf 87' lang='lat' dir='ltr'>posset.</span> 
     </span>
    </p>

    <p class='ocr_par' dir='ltr' id='par_1_9' title="bbox 194 1701 1858 1807">
     <span class='ocr_line' id='line_1_25' title="bbox 194 1701 1858 1763; baseline -0.002 -15"><span class='ocrx_word' id='word_1_200' title='bbox 194 1710 281 1749; x_wconf 81' lang='lat'>314</span> <span class='ocrx_word' id='word_1_201' title='bbox 313 1706 514 1763; x_wconf 79' lang='lat' dir='ltr'>domare]</span> <span class='ocrx_word' id='word_1_202' title='bbox 563 1719 645 1760; x_wconf 88' lang='lat' dir='ltr'>pro</span> <span class='ocrx_word' id='word_1_203' title='bbox 688 1706 865 1750; x_wconf 79' lang='lat' dir='ltr'>domari</span> <span class='ocrx_word' id='word_1_204' title='bbox 904 1703 1060 1760; x_wconf 88' lang='lat' dir='ltr'>recepi</span> <span class='ocrx_word' id='word_1_205' title='bbox 1100 1703 1300 1746; x_wconf 85' lang='lat' dir='ltr'>Birtium</span> <span class='ocrx_word' id='word_1_206' title='bbox 1341 1706 1526 1746; x_wconf 78' lang='lat' dir='ltr'>secutus</span> <span class='ocrx_word' id='word_1_207' title='bbox 1574 1701 1704 1746; x_wconf 84' lang='lat' dir='ltr'>cuius</span> <span class='ocrx_word' id='word_1_208' title='bbox 1750 1701 1858 1746; x_wconf 86' lang='lat' dir='ltr'>vide</span> 
     </span>
     <span class='ocr_line' id='line_1_26' title="bbox 313 1764 627 1807; baseline 0 -1"><span class='ocrx_word' id='word_1_209' title='bbox 313 1768 475 1807; x_wconf 89' lang='lat' dir='ltr'>notam</span> <span class='ocrx_word' id='word_1_210' title='bbox 509 1764 569 1807; x_wconf 92' lang='lat' dir='ltr'>ad</span> <span class='ocrx_word' id='word_1_211' title='bbox 599 1764 627 1807; x_wconf 93' lang='grc'>1.</span> 
     </span>
    </p>

    <p class='ocr_par' dir='ltr' id='par_1_10' title="bbox 195 1826 1874 2062">
     <span class='ocr_line' id='line_1_27' title="bbox 195 1826 1874 1887; baseline -0.002 -14"><span class='ocrx_word' id='word_1_212' title='bbox 195 1835 281 1873; x_wconf 78' lang='grc'>324</span> <span class='ocrx_word' id='word_1_213' title='bbox 312 1831 553 1887; x_wconf 78' lang='lat' dir='ltr'>famosius]</span> <span class='ocrx_word' id='word_1_214' title='bbox 582 1829 844 1884; x_wconf 64' lang='lat' dir='ltr'><strong>CHV2A3,</strong></span> <span class='ocrx_word' id='word_1_215' title='bbox 878 1831 1130 1873; x_wconf 74' lang='lat' dir='ltr'>animosius</span> <span class='ocrx_word' id='word_1_216' title='bbox 1153 1828 1221 1872; x_wconf 88' lang='lat' dir='ltr'>Bi.</span> <span class='ocrx_word' id='word_1_217' title='bbox 1254 1842 1308 1871; x_wconf 75' lang='lat' dir='ltr'>ex</span> <span class='ocrx_word' id='word_1_218' title='bbox 1332 1827 1405 1870; x_wconf 84' lang='lat' dir='ltr'>V1</span> <span class='ocrx_word' id='word_1_219' title='bbox 1429 1826 1749 1871; x_wconf 87' lang='lat' dir='ltr'>consentiente</span> <span class='ocrx_word' id='word_1_220' title='bbox 1774 1827 1874 1881; x_wconf 46' lang='grc' dir='ltr'>ΛΞ,</span> 
     </span>
     <span class='ocr_line' id='line_1_28' title="bbox 315 1885 1858 1944; baseline -0.002 -13"><span class='ocrx_word' id='word_1_221' title='bbox 315 1890 441 1944; x_wconf 87' lang='lat' dir='ltr'>quod</span> <span class='ocrx_word' id='word_1_222' title='bbox 474 1904 577 1932; x_wconf 86' lang='lat' dir='ltr'>cum</span> <span class='ocrx_word' id='word_1_223' title='bbox 609 1888 658 1931; x_wconf 90' lang='lat' dir='ltr'>in</span> <span class='ocrx_word' id='word_1_224' title='bbox 689 1889 853 1932; x_wconf 88' lang='lat' dir='ltr'>laudes</span> <span class='ocrx_word' id='word_1_225' title='bbox 886 1887 1127 1931; x_wconf 87' lang='lat' dir='ltr'>Hunorum</span> <span class='ocrx_word' id='word_1_226' title='bbox 1160 1886 1312 1943; x_wconf 84' lang='lat' dir='ltr'>accipi</span> <span class='ocrx_word' id='word_1_227' title='bbox 1344 1886 1536 1930; x_wconf 86' lang='lat' dir='ltr'>deberet</span> <span class='ocrx_word' id='word_1_228' title='bbox 1569 1885 1858 1929; x_wconf 81' lang='lat' dir='ltr'>reiciendum</span> 
     </span>
     <span class='ocr_line' id='line_1_29' title="bbox 316 1944 1859 2004; baseline -0.002 -14"><span class='ocrx_word' id='word_1_229' title='bbox 316 1951 407 2004; x_wconf 82' lang='lat' dir='ltr'>est3</span> <span class='ocrx_word' id='word_1_230' title='bbox 440 1947 783 2003; x_wconf 83' lang='lat' dir='ltr'>turpitudinem</span> <span class='ocrx_word' id='word_1_231' title='bbox 817 1947 941 1990; x_wconf 91' lang='lat' dir='ltr'>enim</span> <span class='ocrx_word' id='word_1_232' title='bbox 973 1946 1128 2002; x_wconf 87' lang='lat' dir='ltr'>gentis</span> <span class='ocrx_word' id='word_1_233' title='bbox 1161 1946 1286 1989; x_wconf 84' lang='lat' dir='ltr'>illius</span> <span class='ocrx_word' id='word_1_234' title='bbox 1311 1944 1483 1989; x_wconf 81' lang='lat' dir='ltr'>vividis</span> <span class='ocrx_word' id='word_1_235' title='bbox 1508 1944 1742 1988; x_wconf 88' lang='lat' dir='ltr'>coloribus</span> <span class='ocrx_word' id='word_1_236' title='bbox 1773 1958 1859 1988; x_wconf 90' lang='lat' dir='ltr'>nec</span> 
     </span>
     <span class='ocr_line' id='line_1_30' title="bbox 319 2006 992 2062; baseline 0 -12"><span class='ocrx_word' id='word_1_237' title='bbox 319 2007 417 2050; x_wconf 87' lang='lat' dir='ltr'>sine</span> <span class='ocrx_word' id='word_1_238' title='bbox 451 2007 557 2051; x_wconf 90' lang='lat' dir='ltr'>odio</span> <span class='ocrx_word' id='word_1_239' title='bbox 593 2006 807 2062; x_wconf 84' lang='lat' dir='ltr'>depingit</span> <span class='ocrx_word' id='word_1_240' title='bbox 837 2007 992 2062; x_wconf 90' lang='lat' dir='ltr'>poeta.</span> 
     </span>
    </p>

    <p class='ocr_par' dir='ltr' id='par_1_11' title="bbox 199 2068 1861 2246">
     <span class='ocr_line' id='line_1_31' title="bbox 199 2068 1861 2131; baseline -0.004 -14"><span class='ocrx_word' id='word_1_241' title='bbox 199 2078 284 2117; x_wconf 87' lang='lat'>343</span> <span class='ocrx_word' id='word_1_242' title='bbox 316 2073 524 2131; x_wconf 68' lang='lat' dir='ltr'>rapidos]</span> <span class='ocrx_word' id='word_1_243' title='bbox 557 2075 757 2130; x_wconf 75' lang='lat' dir='ltr'>trepidos</span> <span class='ocrx_word' id='word_1_244' title='bbox 780 2072 849 2115; x_wconf 88' lang='lat' dir='ltr'>Bi.</span> <span class='ocrx_word' id='word_1_245' title='bbox 877 2086 933 2115; x_wconf 81' lang='lat' dir='ltr'>ex</span> <span class='ocrx_word' id='word_1_246' title='bbox 956 2073 996 2115; x_wconf 92' lang='lat' dir='ltr'><strong>V</strong></span> <span class='ocrx_word' id='word_1_247' title='bbox 1023 2071 1104 2128; x_wconf 88' lang='lat' dir='ltr'>qui</span> <span class='ocrx_word' id='word_1_248' title='bbox 1134 2071 1281 2114; x_wconf 88' lang='lat' dir='ltr'>habet</span> <span class='ocrx_word' id='word_1_249' title='bbox 1310 2071 1486 2127; x_wconf 76' lang='lat' dir='ltr'>tepidos</span> <span class='ocrx_word' id='word_1_250' title='bbox 1509 2070 1557 2113; x_wconf 89' lang='lat' dir='ltr'>et</span> <span class='ocrx_word' id='word_1_251' title='bbox 1579 2068 1861 2126; x_wconf 88' lang='lat' dir='ltr'>Isengrinio;</span> 
     </span>
     <span class='ocr_line' id='line_1_32' title="bbox 319 2127 1860 2188; baseline -0.003 -13"><span class='ocrx_word' id='word_1_252' title='bbox 319 2147 433 2188; x_wconf 86' lang='lat' dir='ltr'>quos</span> <span class='ocrx_word' id='word_1_253' title='bbox 467 2145 623 2175; x_wconf 73' lang='lat' dir='ltr'>tamen</span> <span class='ocrx_word' id='word_1_254' title='bbox 664 2132 796 2186; x_wconf 84' lang='lat' dir='ltr'>sequi</span> <span class='ocrx_word' id='word_1_255' title='bbox 833 2131 985 2185; x_wconf 73' lang='lat' dir='ltr'>nolui,</span> <span class='ocrx_word' id='word_1_256' title='bbox 1030 2144 1314 2186; x_wconf 88' lang='lat' dir='ltr'>quamquam</span> <span class='ocrx_word' id='word_1_257' title='bbox 1351 2127 1480 2172; x_wconf 84' lang='lat' dir='ltr'>haud</span> <span class='ocrx_word' id='word_1_258' title='bbox 1519 2129 1679 2185; x_wconf 84' lang='lat' dir='ltr'>inepte</span> <span class='ocrx_word' id='word_1_259' title='bbox 1719 2142 1860 2183; x_wconf 88' lang='lat' dir='ltr'>equos</span> 
     </span>
     <span class='ocr_line' id='line_1_33' title="bbox 319 2187 1573 2246; baseline -0.002 -12"><span class='ocrx_word' id='word_1_260' title='bbox 319 2192 434 2234; x_wconf 90' lang='lat' dir='ltr'>duce</span> <span class='ocrx_word' id='word_1_261' title='bbox 468 2190 738 2235; x_wconf 81' lang='lat' dir='ltr'>Formidine</span> <span class='ocrx_word' id='word_1_262' title='bbox 769 2192 968 2246; x_wconf 75' lang='lat' dir='ltr'>trepidos</span> <span class='ocrx_word' id='word_1_263' title='bbox 998 2190 1156 2234; x_wconf 78' lang='lat' dir='ltr'>vocari</span> <span class='ocrx_word' id='word_1_264' title='bbox 1186 2202 1324 2245; x_wconf 89' lang='lat' dir='ltr'>posse</span> <span class='ocrx_word' id='word_1_265' title='bbox 1356 2187 1573 2232; x_wconf 83' lang='lat' dir='ltr'>concedo.</span> 
     </span>
    </p>
   </div>
   <div class='ocr_carea' id='block_1_4' title="bbox 171 2252 1865 2963">
    <p class='ocr_par' dir='ltr' id='par_1_12' title="bbox 200 2252 1861 2607">
     <span class='ocr_line' id='line_1_34' title="bbox 200 2252 1861 2316; baseline -0.004 -14"><span class='ocrx_word' id='word_1_266' title='bbox 200 2263 282 2302; x_wconf 83' lang='lat'>371</span> <span class='ocrx_word' id='word_1_267' title='bbox 316 2258 428 2316; x_wconf 68' lang='lat' dir='ltr'>ozon]</span> <span class='ocrx_word' id='word_1_268' title='bbox 465 2256 555 2300; x_wconf 88' lang='lat' dir='ltr'>etsi</span> <span class='ocrx_word' id='word_1_269' title='bbox 595 2256 720 2300; x_wconf 83' lang='lat' dir='ltr'>solus</span> <span class='ocrx_word' id='word_1_270' title='bbox 752 2256 789 2298; x_wconf 91' lang='lat' dir='ltr'>B</span> <span class='ocrx_word' id='word_1_271' title='bbox 822 2256 1019 2312; x_wconf 88' lang='lat' dir='ltr'>praebet</span> <span class='ocrx_word' id='word_1_272' title='bbox 1059 2256 1371 2300; x_wconf 87' lang='lat' dir='ltr'>concordante</span> <span class='ocrx_word' id='word_1_273' title='bbox 1402 2254 1493 2310; x_wconf 80' lang='grc' dir='ltr'>Δ3,</span> <span class='ocrx_word' id='word_1_274' title='bbox 1540 2252 1685 2297; x_wconf 87' lang='lat' dir='ltr'>refeci</span> <span class='ocrx_word' id='word_1_275' title='bbox 1721 2252 1861 2296; x_wconf 82' lang='lat' dir='ltr'>nimis</span> 
     </span>
     <span class='ocr_line' id='line_1_35' title="bbox 320 2313 1860 2370; baseline -0.003 -10"><span class='ocrx_word' id='word_1_276' title='bbox 320 2316 522 2360; x_wconf 86' lang='lat' dir='ltr'>offensus</span> <span class='ocrx_word' id='word_1_277' title='bbox 554 2315 636 2358; x_wconf 86' lang='lat' dir='ltr'>illo</span> <span class='ocrx_word' id='word_1_278' title='bbox 669 2321 710 2360; x_wconf 79' lang='lat' dir='ltr'>et</span> <span class='ocrx_word' id='word_1_279' title='bbox 735 2349 744 2358; x_wconf 93' lang='lat'>.</span> <span class='ocrx_word' id='word_1_280' title='bbox 767 2351 774 2360; x_wconf 94' lang='lat'>.</span> <span class='ocrx_word' id='word_1_281' title='bbox 799 2329 880 2359; x_wconf 61' lang='lat' dir='ltr'>‘nec</span> <span class='ocrx_word' id='word_1_282' title='bbox 910 2317 1000 2359; x_wconf 79' lang='lat' dir='ltr'>uili</span> <span class='ocrx_word' id='word_1_283' title='bbox 1039 2315 1162 2370; x_wconf 86' lang='lat' dir='ltr'>quod</span> <span class='ocrx_word' id='word_1_284' title='bbox 1201 2313 1380 2370; x_wconf 90' lang='lat' dir='ltr'>recepit</span> <span class='ocrx_word' id='word_1_285' title='bbox 1409 2313 1479 2357; x_wconf 93' lang='lat' dir='ltr'>Bi.</span> <span class='ocrx_word' id='word_1_286' title='bbox 1534 2327 1630 2357; x_wconf 73' lang='lat' dir='ltr'>non</span> <span class='ocrx_word' id='word_1_287' title='bbox 1658 2313 1742 2357; x_wconf 84' lang='lat' dir='ltr'>vili</span> <span class='ocrx_word' id='word_1_288' title='bbox 1776 2326 1860 2369; x_wconf 89' lang='lat' dir='ltr'>pro</span> 
     </span>
     <span class='ocr_line' id='line_1_36' title="bbox 321 2371 1861 2429; baseline -0.003 -11"><span class='ocrx_word' id='word_1_289' title='bbox 321 2377 398 2419; x_wconf 73' lang='lat' dir='ltr'>‘ne</span> <span class='ocrx_word' id='word_1_290' title='bbox 425 2375 511 2419; x_wconf 68' lang='lat' dir='ltr'>vili</span> <span class='ocrx_word' id='word_1_291' title='bbox 542 2374 751 2429; x_wconf 82' lang='lat' dir='ltr'>quidem&#39;</span> <span class='ocrx_word' id='word_1_292' title='bbox 786 2373 993 2429; x_wconf 86' lang='lat' dir='ltr'>positum</span> <span class='ocrx_word' id='word_1_293' title='bbox 1018 2387 1117 2416; x_wconf 91' lang='lat' dir='ltr'>esse</span> <span class='ocrx_word' id='word_1_294' title='bbox 1143 2375 1350 2429; x_wconf 84' lang='lat' dir='ltr'>adparet.</span> <span class='ocrx_word' id='word_1_295' title='bbox 1403 2374 1608 2415; x_wconf 86' lang='lat' dir='ltr'>ceterum</span> <span class='ocrx_word' id='word_1_296' title='bbox 1632 2371 1861 2415; x_wconf 87' lang='lat' dir='ltr'>adtendas</span> 
     </span>
     <span class='ocr_line' id='line_1_37' title="bbox 319 2429 1861 2489; baseline -0.003 -12"><span class='ocrx_word' id='word_1_297' title='bbox 319 2434 484 2489; x_wconf 78' lang='lat' dir='ltr'>velim,</span> <span class='ocrx_word' id='word_1_298' title='bbox 529 2447 669 2488; x_wconf 86' lang='lat' dir='ltr'>quam</span> <span class='ocrx_word' id='word_1_299' title='bbox 703 2432 943 2488; x_wconf 86' lang='lat' dir='ltr'>eleganter</span> <span class='ocrx_word' id='word_1_300' title='bbox 976 2432 1174 2475; x_wconf 88' lang='lat' dir='ltr'>adludat</span> <span class='ocrx_word' id='word_1_301' title='bbox 1204 2434 1345 2488; x_wconf 83' lang='lat' dir='ltr'>poeta</span> <span class='ocrx_word' id='word_1_302' title='bbox 1385 2431 1443 2474; x_wconf 88' lang='lat' dir='ltr'>ad</span> <span class='ocrx_word' id='word_1_303' title='bbox 1483 2430 1660 2474; x_wconf 87' lang='lat' dir='ltr'>exitum</span> <span class='ocrx_word' id='word_1_304' title='bbox 1690 2429 1861 2484; x_wconf 86' lang='lat' dir='ltr'>Rufini,</span> 
     </span>
     <span class='ocr_line' id='line_1_38' title="bbox 319 2488 1861 2547; baseline -0.003 -11"><span class='ocrx_word' id='word_1_305' title='bbox 319 2492 450 2536; x_wconf 88' lang='lat' dir='ltr'>cuius</span> <span class='ocrx_word' id='word_1_306' title='bbox 493 2493 672 2536; x_wconf 87' lang='lat' dir='ltr'>scilicet</span> <span class='ocrx_word' id='word_1_307' title='bbox 711 2505 877 2547; x_wconf 88' lang='lat' dir='ltr'>corpus</span> <span class='ocrx_word' id='word_1_308' title='bbox 920 2491 1152 2534; x_wconf 86' lang='lat' dir='ltr'>laniatum</span> <span class='ocrx_word' id='word_1_309' title='bbox 1197 2491 1458 2534; x_wconf 86' lang='lat' dir='ltr'>laceratum</span> <span class='ocrx_word' id='word_1_310' title='bbox 1506 2488 1754 2533; x_wconf 84' lang='lat' dir='ltr'>discissum</span> <span class='ocrx_word' id='word_1_311' title='bbox 1792 2502 1861 2532; x_wconf 89' lang='lat' dir='ltr'>se-</span> 
     </span>
     <span class='ocr_line' id='line_1_39' title="bbox 319 2551 975 2607; baseline 0.002 -13"><span class='ocrx_word' id='word_1_312' title='bbox 319 2552 510 2607; x_wconf 87' lang='lat' dir='ltr'>pultura</span> <span class='ocrx_word' id='word_1_313' title='bbox 541 2551 728 2595; x_wconf 87' lang='lat' dir='ltr'>omnino</span> <span class='ocrx_word' id='word_1_314' title='bbox 762 2551 975 2595; x_wconf 87' lang='lat' dir='ltr'>caruerit.</span> 
     </span>
    </p>

    <p class='ocr_par' dir='ltr' id='par_1_13' title="bbox 171 2612 1862 2732">
     <span class='ocr_line' id='line_1_40' title="bbox 171 2612 1862 2674; baseline -0.003 -14"><span class='ocrx_word' id='word_1_315' title='bbox 171 2618 213 2660; x_wconf 83' lang='lat'>11</span> <span class='ocrx_word' id='word_1_316' title='bbox 237 2618 381 2674; x_wconf 76' lang='lat' dir='ltr'>praef.</span> <span class='ocrx_word' id='word_1_317' title='bbox 409 2622 434 2660; x_wconf 87' lang='grc'>2</span> <span class='ocrx_word' id='word_1_318' title='bbox 461 2617 720 2674; x_wconf 74' lang='lat' dir='ltr'>promissis]</span> <span class='ocrx_word' id='word_1_319' title='bbox 752 2617 974 2672; x_wconf 89' lang='lat' dir='ltr'>proponit</span> <span class='ocrx_word' id='word_1_320' title='bbox 997 2616 1065 2659; x_wconf 84' lang='lat' dir='ltr'>Bi.</span> <span class='ocrx_word' id='word_1_321' title='bbox 1091 2616 1253 2672; x_wconf 82' lang='lat' dir='ltr'>(praef.</span> <span class='ocrx_word' id='word_1_322' title='bbox 1279 2629 1322 2670; x_wconf 92' lang='lat' dir='ltr'>p.</span> <span class='ocrx_word' id='word_1_323' title='bbox 1347 2613 1456 2669; x_wconf 89' lang='lat' dir='ltr'><strong>CV),</strong></span> <span class='ocrx_word' id='word_1_324' title='bbox 1493 2614 1541 2655; x_wconf 88' lang='lat' dir='ltr'>ut</span> <span class='ocrx_word' id='word_1_325' title='bbox 1565 2612 1862 2669; x_wconf 87' lang='lat' dir='ltr'>pleonasmus</span> 
     </span>
     <span class='ocr_line' id='line_1_41' title="bbox 326 2671 1860 2732; baseline -0.003 -13"><span class='ocrx_word' id='word_1_326' title='bbox 326 2691 416 2731; x_wconf 91' lang='lat' dir='ltr'>quo</span> <span class='ocrx_word' id='word_1_327' title='bbox 449 2676 593 2719; x_wconf 77' lang='lat' dir='ltr'>verba.</span> <span class='ocrx_word' id='word_1_328' title='bbox 618 2678 853 2732; x_wconf 75' lang='lat' dir='ltr'>permissis</span> <span class='ocrx_word' id='word_1_329' title='bbox 973 2677 1076 2720; x_wconf 79' lang='lat' dir='ltr'>licet</span> <span class='ocrx_word' id='word_1_330' title='bbox 1105 2677 1173 2719; x_wconf 86' lang='lat' dir='ltr'>ire</span> <span class='ocrx_word' id='word_1_331' title='bbox 1204 2675 1351 2718; x_wconf 81' lang='lat' dir='ltr'>choris</span> <span class='ocrx_word' id='word_1_332' title='bbox 1388 2672 1607 2715; x_wconf 88' lang='lat' dir='ltr'>laborant</span> <span class='ocrx_word' id='word_1_333' title='bbox 1646 2671 1860 2715; x_wconf 86' lang='lat' dir='ltr'>evitetur.</span> 
     </span>
    </p>

    <p class='ocr_par' dir='ltr' id='par_1_14' title="bbox 174 2737 1865 2963">
     <span class='ocr_line' id='line_1_42' title="bbox 174 2737 1865 2798; baseline -0.002 -14"><span class='ocrx_word' id='word_1_334' title='bbox 174 2742 290 2785; x_wconf 84' lang='lat'>1149</span> <span class='ocrx_word' id='word_1_335' title='bbox 321 2742 452 2798; x_wconf 77' lang='lat' dir='ltr'>faiis]</span> <span class='ocrx_word' id='word_1_336' title='bbox 494 2741 666 2792; x_wconf 65' lang='lat' dir='ltr'>Embe;</span> <span class='ocrx_word' id='word_1_337' title='bbox 716 2745 867 2786; x_wconf 83' lang='lat' dir='ltr'>causis</span> <span class='ocrx_word' id='word_1_338' title='bbox 904 2741 1094 2797; x_wconf 86' lang='lat' dir='ltr'>reliqui;</span> <span class='ocrx_word' id='word_1_339' title='bbox 1143 2740 1224 2783; x_wconf 84' lang='lat' dir='ltr'>sed</span> <span class='ocrx_word' id='word_1_340' title='bbox 1271 2740 1415 2784; x_wconf 80' lang='lat' dir='ltr'>brevis</span> <span class='ocrx_word' id='word_1_341' title='bbox 1460 2753 1601 2783; x_wconf 82' lang='lat' dir='ltr'>eausa</span> <span class='ocrx_word' id='word_1_342' title='bbox 1644 2737 1724 2781; x_wconf 84' lang='lat' dir='ltr'>vix</span> <span class='ocrx_word' id='word_1_343' title='bbox 1770 2737 1865 2780; x_wconf 88' lang='lat' dir='ltr'>dici</span> 
     </span>
     <span class='ocr_line' id='line_1_43' title="bbox 320 2797 1864 2856; baseline -0.003 -12"><span class='ocrx_word' id='word_1_344' title='bbox 320 2814 457 2856; x_wconf 89' lang='lat' dir='ltr'>posse</span> <span class='ocrx_word' id='word_1_345' title='bbox 505 2801 748 2844; x_wconf 83' lang='lat' dir='ltr'>contendo.</span> <span class='ocrx_word' id='word_1_346' title='bbox 817 2813 955 2856; x_wconf 86' lang='lat' dir='ltr'>porro</span> <span class='ocrx_word' id='word_1_347' title='bbox 1005 2802 1161 2843; x_wconf 88' lang='lat' dir='ltr'>autem</span> <span class='ocrx_word' id='word_1_348' title='bbox 1206 2812 1365 2842; x_wconf 87' lang='lat' dir='ltr'>sensus</span> <span class='ocrx_word' id='word_1_349' title='bbox 1412 2797 1513 2853; x_wconf 87' lang='lat' dir='ltr'>ipse</span> <span class='ocrx_word' id='word_1_350' title='bbox 1560 2799 1613 2840; x_wconf 75' lang='lat' dir='ltr'>ut</span> <span class='ocrx_word' id='word_1_351' title='bbox 1659 2797 1864 2842; x_wconf 81' lang='lat' dir='ltr'>brevibus</span> 
     </span>
     <span class='ocr_line' id='line_1_44' title="bbox 319 2854 1864 2916; baseline -0.004 -13"><span class='ocrx_word' id='word_1_352' title='bbox 319 2861 432 2913; x_wconf 78' lang='lat' dir='ltr'>fatis</span> <span class='ocrx_word' id='word_1_353' title='bbox 463 2873 546 2915; x_wconf 87' lang='lat' dir='ltr'>pro</span> <span class='ocrx_word' id='word_1_354' title='bbox 583 2859 733 2902; x_wconf 80' lang='lat' dir='ltr'>‘brevi</span> <span class='ocrx_word' id='word_1_355' title='bbox 763 2859 992 2916; x_wconf 87' lang='lat' dir='ltr'>tempore&#39;</span> <span class='ocrx_word' id='word_1_356' title='bbox 1027 2859 1215 2915; x_wconf 86' lang='lat' dir='ltr'>legatur</span> <span class='ocrx_word' id='word_1_357' title='bbox 1249 2859 1387 2914; x_wconf 86' lang='lat' dir='ltr'>plane</span> <span class='ocrx_word' id='word_1_358' title='bbox 1426 2855 1626 2912; x_wconf 84' lang='lat' dir='ltr'>flagitat,</span> <span class='ocrx_word' id='word_1_359' title='bbox 1657 2855 1709 2898; x_wconf 90' lang='lat' dir='ltr'>id</span> <span class='ocrx_word' id='word_1_360' title='bbox 1739 2854 1864 2911; x_wconf 92' lang='lat' dir='ltr'>quod</span> 
     </span>
     <span class='ocr_line' id='line_1_45' title="bbox 322 2918 952 2963; baseline 0.005 -3"><span class='ocrx_word' id='word_1_361' title='bbox 322 2918 491 2962; x_wconf 87' lang='lat' dir='ltr'>docent</span> <span class='ocrx_word' id='word_1_362' title='bbox 521 2932 681 2962; x_wconf 81' lang='lat' dir='ltr'>versus</span> <span class='ocrx_word' id='word_1_363' title='bbox 715 2921 769 2963; x_wconf 83' lang='lat'>52</span> <span class='ocrx_word' id='word_1_364' title='bbox 803 2922 850 2962; x_wconf 89' lang='lat' dir='ltr'>et</span> <span class='ocrx_word' id='word_1_365' title='bbox 882 2924 952 2963; x_wconf 85' lang='lat'>53.</span> 
     </span>
    </p>
   </div>
  </div>
 </body>
</html>
