2044 3220
224 100 449 159 (XXXV.)
471 101 550 144 DE
569 100 774 146 RAPTV
799 100 1221 147 PROSERPINAE
1247 102 1431 146 LIBER
1449 102 1780 148 SECVNDVS.
1815 102 1922 155 277

222 237 434 289 Debilis
475 240 528 290 et
568 237 725 290 fessis
766 237 1106 305 serpentibus
1147 238 1371 306 impedit
1412 257 1587 291 axem:

223 310 451 363 Fumida
493 312 783 380 sulphureo
823 311 1157 380 praelabitur
1198 313 1374 364 orbita
1415 313 1588 366 dorso.

222 384 303 437 Ac
341 386 490 438 velut
532 386 774 439 occultus
816 403 1063 437 securum
1101 387 1279 457 pergit
1317 387 1376 438 in
1413 387 1626 440 hostem

222 459 381 512 Miles
423 464 475 512 et
516 460 697 512 effossi
739 459 925 511 subter
964 460 1278 512 fundamina
1319 462 1492 530 campi

223 533 484 587 Transilit
521 534 760 586 inclusos
801 552 995 586 arcano
1035 534 1209 586 limite
1249 554 1433 587 muros
1843 550 1926 590 165

223 608 511 677 Turbaque
551 608 798 677 deceptas
838 608 1034 661 victrix
1074 609 1307 677 erumpit
1345 610 1403 660 in
1443 629 1589 662 arces

223 682 542 754 Terrigenas
580 682 792 735 imitata
832 683 1000 735 viros:
1043 683 1120 734 sic
1159 683 1353 734 tertius
1393 683 1547 736 heres

224 755 444 809 Saturni
481 757 754 809 latebrosa
792 758 947 828 vagis
987 757 1215 809 rimatur
1252 757 1480 809 habenis

221 830 415 902 Devia,
455 832 755 884 fraternum
796 832 1014 900 cupiens
1056 832 1201 884 exire
1243 832 1342 883 sub
1385 832 1583 884 orbem.

220 903 390 958 Ianua
427 906 579 958 nulla
617 909 794 976 patet3
833 906 1196 975 prohibebant
1236 906 1472 975 undique
1512 925 1672 975 rupes
1845 921 1931 961 170

223 978 516 1048 Oppositae
558 981 796 1049 duraque
837 981 994 1032 deum
1036 999 1293 1052 compage
1333 981 1613 1033 tenebant:

219 1053 348 1107 Non
385 1054 515 1106 tulit
553 1054 647 1106 ille
685 1074 865 1107 moras
904 1055 1327 1126 indignatusque
1366 1056 1564 1108 trabali

221 1127 362 1180 Saxa
401 1129 529 1182 ferit
570 1132 796 1198 sceptro,
863 1128 1075 1183 Siculae
1117 1148 1342 1182 sonuere
1383 1148 1660 1200 cavernae3

220 1202 496 1255 Turbatur
533 1203 750 1274 Lipare3
793 1204 1004 1273 stupuit
1044 1205 1262 1257 fornace
1302 1205 1489 1256 relicta

220 1275 488 1329 Mulciber
529 1281 581 1330 et
620 1279 863 1347 trepidus
905 1279 1095 1331 deiecit
1135 1279 1363 1330 fulmina
1407 1278 1650 1348 Cyclops
1845 1292 1929 1333 175

220 1349 411 1403 Audiit
452 1355 505 1403 et
546 1352 591 1404 si
633 1371 792 1420 quem
831 1353 1031 1423 glacies
1071 1352 1272 1423 Alpina
1313 1357 1520 1406 coercet

219 1425 294 1477 Et
335 1426 428 1494 qui
467 1430 543 1496 te,
582 1427 755 1478 Latiis
794 1428 1035 1479 nondum
1073 1428 1377 1496 praecincte
1416 1427 1655 1496 tropaeis

221 1499 449 1570 Thybri,
488 1504 643 1553 natat
682 1501 1011 1570 missamque
1050 1501 1197 1554 Pado
1240 1502 1334 1570 qui
1373 1503 1604 1573 remigat
1646 1502 1843 1555 alnum.

334 1573 444 1644 Sic,
486 1593 607 1626 cum
647 1575 984 1627 Thessaliam
1026 1577 1263 1645 scopulis
1303 1576 1512 1628 inc-lusa
1553 1580 1758 1629 teneret

217 1648 396 1701 Peneo
439 1652 727 1720 stagnante
765 1650 923 1718 palus
965 1654 1017 1702 et
1056 1669 1232 1702 mersa
1269 1654 1494 1721 negaret
1849 1665 1933 1705 180

218 1722 367 1776 Arva
408 1723 536 1793 coli,
576 1724 759 1776 trifida
798 1724 1088 1794 Neptunus
1131 1725 1349 1794 cuspide
1388 1729 1601 1778 montes

218 1796 444 1866 Impulit
485 1798 760 1851 adversos:
800 1802 931 1851 tunc
970 1799 1104 1852 forti
1146 1800 1359 1852 saucius
1398 1800 1512 1852 ictu

218 1871 475 1924 Dissiluit
516 1872 694 1943 gelido
735 1877 920 1926 vertex
961 1873 1193 1926 Ossaeus
1237 1873 1496 1943 Olymp03

223 1946 540 1998 Carceribus
580 1947 834 1999 laxantur
873 1967 1042 2016 aquae
1083 1949 1336 2017 factoque
1375 1952 1556 2000 meatu

218 2020 540 2073 Redduntur
577 2022 882 2090 fluviusque
922 2023 1059 2074 mari
1097 2023 1369 2090 tellusque
1411 2023 1633 2076 colonis,
1844 2039 1928 2079 185

331 2095 633 2164 Postquam
670 2096 815 2148 victa
855 2116 1018 2148 manu
1059 2097 1221 2149 duros
1262 2097 1538 2149 Trinacria
1577 2117 1749 2150 nexus

222 2168 398 2223 Solvit
439 2173 491 2222 et
532 2170 776 2222 inmenso
817 2171 926 2223 late
967 2171 1213 2224 discessit
1253 2171 1430 2241 hiatu,

218 2243 460 2312 Adparet
503 2244 716 2297 subitus
759 2246 904 2297 caelo
946 2245 1131 2316 timor3
1173 2249 1318 2298 astra
1357 2246 1566 2298 viarum

218 2317 498 2371 Mutavere
537 2319 718 2390 fidem3
759 2320 927 2372 vetito
971 2339 1026 2372 se
1063 2321 1269 2389 proluit
1309 2319 1507 2372 Arctos

217 2391 492 2464 Aequore3
530 2394 852 2463 praecipitat
890 2395 1107 2466 pigrum
1146 2395 1377 2447 formido
1417 2395 1650 2466 Booten3
1843 2411 1927 2450 190

218 2467 449 2520 Horruit
491 2466 671 2521 Orion.
735 2468 939 2521 Audito
979 2470 1174 2538 palluit
1213 2469 1372 2521 Atlas

217 2541 481 2595 Hinnitu:
521 2543 717 2596 rutilos
759 2543 1013 2596 obscurat
1054 2544 1324 2596 anhelitus
1366 2563 1490 2596 axes

218 2615 471 2669 Discolor
511 2620 564 2669 et
603 2618 767 2689 longa
808 2618 999 2671 solitos
1042 2619 1271 2690 caligine
1309 2619 1458 2687 pasci

220 2690 436 2742 Terruit
476 2692 625 2744 orbis
666 2711 855 2762 equos3
894 2693 1095 2762 pressis
1134 2693 1353 2745 haesere
1391 2694 1595 2762 lupatis

218 2763 461 2817 Attoniti
499 2766 720 2819 meliore
759 2768 886 2836 polo
927 2786 1220 2836 rursusque
1260 2768 1551 2820 verendum
1840 2783 1924 2823 195

218 2837 285 2891 In
324 2839 486 2891 chaos
528 2840 751 2910 obliquo
793 2846 1001 2894 certant
1040 2846 1254 2894 temone
1292 2843 1503 2896 reverti.

217 2912 351 2966 Mox
389 2913 484 2966 ubi
522 2915 739 2985 pulsato
782 2920 1063 2970 senserunt
1102 2917 1325 2970 verbera
1364 2921 1519 2988 tergo
