2039 3235
181 97 309 141 XLII
635 92 1105 138 ADNOTATIONES
1140 92 1428 138 CRITICAE.

182 233 269 272 357
306 229 480 272 Classis
512 227 658 283 torva]
694 226 759 269 sic
792 225 968 281 optime
1002 224 1328 282 difficultates,
1369 239 1508 281 quam
1540 230 1700 271 movet
1729 225 1871 272 lectio

302 287 490 340 tradita,
526 284 770 328 sustulisse
803 284 872 330 Bi.
906 284 1103 339 videtur,
1138 298 1274 340 quem
1305 284 1412 328 vide
1445 299 1489 340 p:
1519 284 1629 329 CXI.

181 350 266 389 358
301 345 397 402 Ad]
433 359 487 387 ex
519 343 605 387 Em
638 347 685 387 et
717 347 755 386 A
786 344 920 387 unice
952 343 1272 399 recipiendum
1305 357 1406 386 esse
1440 344 1611 387 docent
1645 344 1790 389 verba
1819 346 1873 390 in

297 418 450 460 puppe
481 416 600 458 quae
632 402 932 458 praecedunt.

589 537 669 588 De
710 539 860 589 sexto
902 536 1184 588 consulatu
1223 535 1466 588 Honorii.

211 642 266 681 48
299 637 531 695 Arvaque]
565 637 734 692 quibus
768 637 824 680 de
858 636 1010 680 causis
1039 650 1121 693 pro
1146 651 1339 693 aeraque
1363 637 1654 693 coniecerim,
1687 638 1874 694 exposi-

299 699 400 740 tum
431 696 640 740 invenies
673 696 722 739 in
750 695 995 752 Philologo
1027 698 1137 739 tom.
1165 695 1310 739 XLIX
1341 711 1385 751 p.
1414 701 1511 741 746.

211 761 267 799 54
298 756 511 811 miratus]
562 755 725 812 supple
773 769 841 809 es;
889 754 946 799 cf.
995 753 1050 798 de
1100 754 1256 811 ellipsi
1301 754 1432 798 verbi
1477 770 1566 801 esse
1614 755 1682 801 Bi.
1721 756 1869 812 praef.

301 830 345 870 p.
372 813 605 858 CCXXIV.

211 879 266 917 95
297 873 488 931 seniore]
524 872 580 915 cf.
613 872 681 916 Bi.
713 871 917 915 indicem
951 886 983 916 s,
1010 888 1050 916 V.

184 938 266 978 158
299 933 492 989 sorores]
526 931 602 974 vix
635 931 868 974 abstinere
902 932 1049 987 potui,
1083 930 1196 986 quin
1229 945 1283 974 ex
1314 930 1356 972 V
1387 930 1644 987 reciperem
1669 933 1871 986 sonori&

299 992 363 1034 sic
405 993 527 1034 enim
572 990 610 1033 si
648 989 979 1046 praedicantur
1019 989 1169 1045 chori,
1215 989 1326 1033 novi
1374 989 1555 1045 aliquid
1594 990 1750 1034 sensui
1790 990 1871 1034 ad-

299 1049 479 1093 crescit.
529 1052 692 1093 contra
714 1063 886 1094 sorores
908 1048 1028 1091 nihil
1053 1051 1125 1092 est
1148 1048 1240 1091 nisi
1266 1048 1469 1092 solemne
1496 1050 1544 1092 et
1569 1049 1870 1093 decantatum

299 1111 622 1152 ornamentum
663 1107 998 1164 Nympharum.
1063 1107 1271 1151 abstinui
1309 1110 1489 1162 tamen,
1533 1121 1642 1150 nam
1682 1107 1871 1152 videtur

301 1181 411 1210 sane
450 1181 630 1211 sonores
669 1166 934 1222 corruptela
971 1166 1019 1210 in
1057 1167 1093 1209 P
1135 1165 1343 1209 indicare
1386 1180 1558 1211 sorores
1597 1166 1871 1222 primariam

296 1225 547 1269 lect-ionem
579 1225 738 1281 fuisse,
771 1225 880 1268 inde
912 1228 1089 1270 sonoris
1121 1239 1219 1269 esse
1254 1225 1484 1269 effectum.

178 1288 266 1328 204
298 1285 393 1329 Hic
425 1298 583 1328 rursus
614 1285 742 1341 dum]
776 1284 831 1328 de
864 1283 1239 1340 interpunctione
1272 1283 1408 1327 huius
1434 1284 1527 1328 1061
1552 1285 1743 1341 exposui
1766 1285 1870 1330 1060

295 1343 434 1386 1110ᾱο
469 1343 612 1386 citato
645 1359 689 1399 p.
718 1347 813 1387 747.

178 1405 264 1446 238
296 1403 514 1459 consedit]
550 1404 746 1447 considit
778 1402 836 1445 ab
867 1401 905 1445 E
939 1400 1164 1457 scriptum
1197 1414 1297 1444 esse
1325 1400 1396 1446 Bi.
1422 1400 1558 1445 testis
1584 1403 1676 1455 est;
1707 1404 1871 1446 tamen

295 1460 498 1517 praetuli
527 1461 807 1516 perfectum3
857 1463 980 1504 certe
1022 1463 1141 1503 enim
1181 1474 1285 1503 eam
1324 1460 1456 1503 verbi
1493 1460 1616 1504 finiti
1652 1460 1865 1518 formam,

298 1534 416 1575 quae
450 1519 681 1563 artissime
713 1519 823 1563 huic
856 1520 911 1563 de
946 1533 1035 1575 quo
1071 1518 1227 1575 agitur
1258 1519 1399 1562 verbo
1431 1532 1551 1562 nexa
1580 1521 1665 1576 est,
1697 1534 1868 1566 movere

297 1595 339 1623 v.
367 1583 451 1622 246
485 1578 534 1621 in
565 1579 729 1622 eodem
760 1578 960 1635 perfecti
991 1582 1200 1633 tempore
1231 1577 1437 1634 positam
1467 1577 1693 1622 videmus.

177 1642 262 1681 291
298 1638 447 1695 Haec]
475 1637 540 1680 516
558 1637 680 1693 (16(11,
707 1638 918 1693 quamvis
942 1638 1133 1681 minima
1155 1636 1383 1680 librorum
1400 1636 1682 1681 auctoritate
1707 1636 1867 1682 fultus.

295 1711 405 1740 nam
436 1699 684 1752 postquam
716 1696 1044 1752 Appenninum
1077 1698 1283 1739 montem
1320 1709 1403 1751 per
1436 1709 1679 1739 excursum
1717 1695 1867 1740 fusius

299 1755 547 1810 descripsit-
563 1755 791 1809 Alaricus,
818 1755 899 1798 ubi
915 1754 1234 1798 narrationem
1249 1754 1556 1810 redintegrat,
1583 1755 1644 1798 ad
1659 1757 1866 1799 montem

295 1814 526 1869 respicere
550 1827 645 1857 non
667 1816 852 1870 poterat
876 1814 1069 1857 vocibus
1087 1828 1174 1870 per
1198 1816 1309 1871 iuga
1332 1813 1424 1856 nisi
1449 1813 1657 1857 addebat
1680 1814 1870 1858 demon·

300 1873 546 1916 strativum
577 1874 696 1917 haec.

177 1935 263 1975 ⁵297
282 1946 348 1987 sq.
383 1931 733 1975 Interlocutoris
759 1945 860 1975 esse
880 1931 1021 1976 verba
1043 1932 1120 1976 sed
1137 1933 1339 1988 piynora
1365 1966 1374 1975 .
1395 1967 1403 1975 .
1425 1965 1433 1974 .
1459 1932 1637 1975 tenebat
1652 1931 1869 1987 graviore

295 1990 671 2056 interpunctione
697 1990 902 2034 indicare
929 1992 1120 2035 conatus
1149 2005 1262 2033 sum.
1313 1989 1369 2033 de
1393 1991 1522 2035 nobis
1547 1990 1604 2033 cf
1624 1990 1684 2033 ad
1702 1991 1866 2034 Eutro-

294 2048 425 2105 pium
449 2049 469 2092 Ι
494 2053 562 2093 23.

177 2112 262 2151 310
295 2109 445 2166 atque]
492 2123 516 2152 ο
547 2110 724 2152 utmam
767 2107 982 2151 meliores
1014 2107 1176 2162 VPH,
1224 2107 1413 2162 qualem
1455 2106 1645 2162 quidem
1682 2107 1867 2151 hiatum

296 2170 403 2222 post
437 2167 826 2210 exclamationem
857 2181 1088 2221 nusquam
1119 2166 1236 2210 alibi
1269 2166 1360 2209 sibi
1384 2165 1618 2210 concessit
1640 2168 1784 2222 poeta
1807 2166 1865 2211 cf.

296 2226 352 2269 de
385 2225 522 2268 hiatu
553 2225 622 2271 Bi
654 2226 799 2282 praef.
832 2241 874 2282 p.
904 2225 1075 2270 CCXV

177 2288 262 2328 320
294 2286 499 2342 tetendit]
535 2285 660 2340 quod
690 2285 840 2328 multo
872 2284 1066 2328 meliore
1098 2283 1383 2328 auctoritate
1412 2282 1644 2340 innititur,
1676 2297 1770 2327 non
1793 2285 1868 2328 est

295 2357 375 2386 cur
404 2357 666 2388 relciamuS.

177 2405 262 2444 365
296 2404 498 2459 numine}
532 2402 621 2445 hoc
650 2402 827 2458 primus
861 2401 1089 2445 Gesnerus
1121 2404 1284 2445 contra
1321 2401 1546 2444 librorum
1586 2414 1865 2445 consensum

295 2460 440 2527 tacite
474 2461 773 2517 supposuisse
805 2460 1016 2516 videtur,
1050 2461 1175 2516 quod
1206 2460 1414 2516 Ieepium
1446 2460 1562 2504 adeo
1594 2459 1780 2516 fefellit,
1811 2461 1867 2504 ut

295 2519 344 2561 id
375 2519 447 2575 ips
429 2535 530 2562 sum
552 2534 636 2576 pro
659 2520 886 2564 librorum
909 2497 1334 2586 manuscriptorum
1357 2519 1557 2563 lectione
1583 2518 1863 2585 venditaret.

295 2577 472 2621 habent
503 2584 626 2622 certe
661 2593 820 2622 omnes
848 2578 995 2621 libri
983 2578 1198 2647 impressi
1223 2592 1337 2634 quos
1362 2577 1546 2634 inspexi
1570 2576 1864 2633 maximeque

294 2636 513 2680 Heinsius
539 2640 587 2680 et
602 2638 894 2681 Burmannus
909 2639 1089 2682 nonime
1112 2651 1263 2693 neque
1284 2637 1409 2703 apud
1426 2635 1662 2692 Clerqium
1679 2635 1865 2680 differre

293 2695 543 2739 lectionem
576 2698 840 2740 adnotatur.
893 2698 1072 2741 ‘nomine
1104 2701 1262 2739 autem
1292 2695 1432 2738 nimis
1465 2695 1659 2739 obscure
1692 2695 1787 2739 de
1773 2709 1860 2738 im·

292 2756 508 2810 peratore
541 2755 860 2811 praedicatur,
893 2769 1032 2810 quem
1064 2756 1215 2798 lucem
1247 2768 1308 2798 sc.
1344 2754 1504 2798 mundi
1536 2757 1677 2798 antea
1705 2769 1746 2797 v.
1774 2757 1863 2797 364

293 2812 530 2868 praeclare
565 2814 745 2857 dixerat
776 2817 930 2870 poeta.
986 2816 1169 2858 numine
1202 2813 1242 2856 si
1273 2813 1459 2870 legitur,
1491 2812 1587 2856 iam
1617 2825 1766 2867 nemo,
1800 2812 1860 2856 de

295 2885 386 2926 quo
418 2871 468 2914 id
501 2871 678 2916 dietum
711 2873 786 2928 sit,
820 2872 1070 2917 dubitabit.
