2044 3220
397 113 724 159 CARMINVM
755 113 1046 158 MINORVM
1075 112 1390 169 APPENDIX,
1424 127 1462 157 e.
1489 114 1543 158 H.
1704 114 1812 168 299

121 248 276 301 Iussa
314 253 506 316 parant
545 249 765 317 implere
806 267 1006 318 angues
1046 248 1346 317 miseroque
1387 249 1566 301 fuiore

120 321 188 374 In
226 341 321 373 sua
360 323 471 374 fata
510 326 732 374 tument.
798 322 978 374 Cernit
1018 326 1111 373 tua
1151 322 1389 374 membra
1427 327 1669 391 petentes

119 395 506 464 Horrescitque
545 414 763 464 parens3
802 413 1002 447 numen
1041 414 1174 462 quae
1214 396 1402 466 ignara
1443 400 1696 466 creasset,
1753 411 1808 450 45

116 468 342 521 Mortali
380 470 580 538 pietate
619 470 786 521 timet.
848 467 966 536 Nil,
1008 473 1212 538 saneta,
1255 470 1513 538 superbae

118 542 346 595 Paelicis
386 543 608 595 insidias
649 544 794 595 eaelo
834 542 992 593 modo
1033 542 1170 593 freta
1210 547 1521 613 tremescas7

117 615 267 668 Neve
306 616 437 669 haec
475 619 716 669 monstra
756 616 859 668 tibi
899 615 1122 684 faciant,
1163 615 1441 685 Alcmena,
1481 636 1748 685 pavorem.

119 689 206 742 Sic
245 694 416 742 mater
453 694 608 759 potes
648 709 761 742 esse
803 690 898 742 dei.
961 688 1076 740 Iam
1114 690 1245 741 tolle
1286 708 1532 742 serenum

111 763 281 815 Laeta
321 765 558 816 animum
596 768 855 832 tantoque
894 763 1068 815 libens
1108 763 1239 815 haee
1279 764 1489 832 adspice
1529 765 1705 834 vultu,
1754 781 1810 819 50

114 836 190 889 Vt
232 837 412 890 deceat
452 838 702 908 genuisse
740 836 936 890 Iovem.
998 836 1220 905 Depone
1259 856 1513 906 pavorem

112 909 403 982 Indignum
441 915 615 980 partu.
676 911 882 964 Natum
922 929 1056 979 quae
1097 911 1367 979 exemplar
1405 911 1675 964 habebat?

119 983 219 1036 Cui
256 985 475 1054 metuiS‚
513 985 652 1037 nihil
689 985 804 1054 ipse
843 985 1012 1037 timet.
1075 984 1218 1037 Nam
1255 985 1474 1037 numine
1514 989 1659 1038 recto

112 1058 348 1110 Ridebas
387 1063 469 1128 1311,
511 1059 650 1128 dive,
689 1063 867 1111 truces
909 1058 1221 1126 animosque
1263 1059 1522 1127 superbos

112 1132 194 1184 De
233 1132 475 1203 genitore
513 1136 686 1202 tenes,
726 1133 973 1201 votisque
1015 1133 1328 1200 aptissimus
1370 1133 1515 1185 orbis
1750 1148 1806 1187 55

115 1205 398 1259 Gaudebas
437 1210 651 1259 tantum
689 1207 798 1259 iam
835 1211 952 1259 tum
991 1207 1250 1258 meruisse
1289 1225 1598 1259 novercam:

116 1279 356 1348 Corripis
397 1280 604 1351 exiguis
645 1299 771 1333 mox
809 1281 1033 1351 grandia
1073 1284 1295 1350 guttura
1333 1281 1528 1348 palmis

111 1353 186 1406 Et
227 1354 470 1422 quamvis
510 1355 682 1406 teneri
722 1373 917 1425 cogens
958 1355 1015 1406 in
1053 1354 1271 1406 brachia
1309 1355 1520 1422 pondus

114 1427 354 1496 Corripis
392 1427 684 1496 impressos
724 1429 966 1480 relevans
1006 1428 1198 1480 tellure
1239 1428 1508 1480 dracones,

221 1501 428 1553 Efferat
469 1502 787 1571 aetherium,
829 1505 1089 1570 quantum
1127 1501 1285 1570 volit,
1327 1502 1473 1553 orbis
1512 1502 1570 1554 in
1609 1521 1763 1555 axem

109 1571 364 1627 Latoidas
402 1594 664 1643 verosque
702 1576 894 1644 probet
936 1594 1032 1627 sua
1071 1575 1254 1627 fabula
1296 1575 1468 1644 divos7
1749 1591 1804 1630 61

113 1648 267 1710 Quod
304 1648 441 1700 Delo
480 1649 588 1701 iam
628 1653 769 1701 stare
809 1650 949 1701 licet.
1011 1649 1140 1701 Non
1179 1667 1348 1716 aequa
1387 1650 1636 1702 laborum

111 1722 320 1792 Gloria,
357 1741 456 1775 neo
494 1723 655 1791 parili
696 1727 968 1792 serpentes
1010 1726 1154 1775 sorte
1191 1726 1471 1775 necarlmt:

108 1795 201 1848 Ilh‘
239 1816 407 1848 unum
445 1797 610 1866 ferr03
650 1798 894 1868 geminos
935 1797 1154 1849 inermis
1196 1800 1247 1848 et
1287 1798 1448 1848 unus!

220 1869 324 1921 His
365 1871 567 1939 coeptis
607 1889 718 1923 non
754 1871 866 1922 ulla
905 1874 1060 1939 parat
1101 1871 1367 1922 cunabula
1406 1874 1616 1940 partus7
1748 1885 1804 1925 65

109 1943 269 2012 Dive,
308 1944 435 2013 tibi3
476 1944 568 1995 sed
608 1963 728 1996 oum
766 1945 898 1996 totis
939 1945 1047 1996 iam
1086 1945 1277 1995 bruma
1316 1944 1514 2014 rigeret

108 2016 382 2069 Imbribus
424 2021 476 2070 et
518 2018 706 2070 solidis
746 2018 1026 2070 haererent
1065 2018 1287 2069 flumina
1326 2017 1585 2087 lymphis,

108 2091 330 2144 Nudum
367 2092 692 2162 praegelidis
733 2092 970 2144 durando
1011 2092 1190 2142 firmat
1230 2091 1288 2143 in
1325 2091 1498 2143 undis.

108 2165 292 2233 thue
331 2165 489 2217 rudes
528 2165 704 2234 primo
744 2165 1025 2233 temptasti
1063 2165 1257 2216 robore
1296 2183 1537 2235 gressus7

109 2238 418 2291 Frondosae
459 2239 666 2291 deserta
705 2258 874 2309 vagus
914 2239 1211 2307 penetralia
1252 2238 1418 2290 silvae
1750 2255 1805 2293 70

108 2312 309 2365 Secura
347 2313 456 2365 iam
493 2317 664 2365 matre
702 2313 842 2382 petis
881 2313 1112 2380 telisque
1151 2312 1440 2364 tremendis

108 2387 277 2439 Ludis
318 2391 370 2439 et
410 2387 580 2439 aerias
620 2387 848 2439 adducto
890 2386 1052 2438 deicis
1092 2405 1218 2438 arou

109 2459 222 2513 Aut
262 2461 427 2513 fimda
465 2461 736 2513 violentus
778 2479 901 2513 aves
939 2464 1260 2528 noctemque
1301 2459 1399 2511 sub
1441 2460 1603 2512 astris

108 2534 304 2605 Exigis
345 2539 397 2587 et
434 2555 627 2604 puram
665 2535 851 2587 fractis
890 2535 1034 2587 bibis
1075 2534 1323 2586 amnibus
1362 2534 1574 2587 undam.

220 2607 497 2661 Inmanem
535 2609 738 2662 interea
777 2609 1010 2662 Nemeae
1048 2627 1143 2677 per
1180 2609 1352 2659 lustra
1390 2608 1601 2660 leonem
1750 2623 1804 2662 75

109 2680 235 2750 Ipsa
278 2681 621 2735 Chimaeraea
662 2687 866 2736 eretum
908 2683 969 2735 de
1008 2686 1166 2753 gente
1204 2700 1432 2734 noverea

231 2863 286 2900 45
318 2872 491 2902 numen
522 2860 662 2917 quae]
695 2861 885 2916 scripsi;
917 2871 1194 2913 numenque,
1226 2871 1505 2916 nomenque.
1597 2863 1652 2902 59
1684 2857 1803 2902 rele—

110 2917 248 2975 vans]
273 2917 484 2978 Birthas,-
514 2917 680 2963 linens,
