2044 3220
147 108 395 167 (XXVIH.)
428 107 860 153 PANEGYRICVS
893 109 974 152 DE
1010 109 1205 155 SEXTO
1233 110 1402 156 CONS.
1429 111 1704 158 HONORH.
1741 114 1843 166 191

137 243 252 308 Qua
292 263 448 297 mons
490 248 604 296 arte
642 247 834 313 patens
874 245 998 297 vivo
1041 264 1095 298 se
1135 246 1376 315 perforat
1417 266 1544 301 arcu

132 319 477 388 Admisitque
516 318 659 371 viam
700 322 875 370 sectae
914 338 1010 388 per
1048 320 1255 373 viscera
1296 323 1462 393 rupis,

133 394 456 463 Exuperans
498 393 719 445 delubra
757 391 904 446 Iovis
946 412 1183 464 saxoque
1222 396 1491 450 minantes

131 467 600 539 Appenninigenis
641 467 815 521 cultas
855 469 1170 538 pastoribus
1212 489 1346 523 aras,
1757 488 1840 528 505

133 541 275 605 Quin
315 547 368 596 et
411 542 673 595 Clitumni
713 560 893 595 sacras
932 543 1234 596 victoribus
1273 545 1460 610 undem,

133 617 370 670 Candida
413 636 547 686 quae
585 617 759 669 Latiis
799 618 1062 687 praebent
1103 623 1345 672 armenta
1385 621 1692 694 triumphis7

129 691 319 745 Visere
361 711 486 745 cura
526 691 653 761 fuitf,
691 710 789 744 nec
830 696 884 745 te
923 693 1184 746 miracula
1225 694 1394 747 fontis

129 765 504 837 Praetereunt,
544 767 711 819 tacito
752 786 918 836 passu
959 786 1119 836 quem
1160 769 1206 820 si
1248 769 1368 837 quis
1409 769 1594 841 adiret7

126 840 332 894 Lentus
374 845 508 910 erat3
549 841 595 893 si
632 860 763 894 voce
802 842 1030 913 gradum
1068 844 1271 895 maiore
1314 844 1548 915 citasset7
1755 861 1838 901 510

133 914 452 969 Commixtis
492 916 736 969 fervebat
779 918 956 987 aquisg
999 936 1227 987 cumque
1269 919 1520 971 omnibus
1561 939 1669 974 una

128 989 212 1044 Sit
250 994 445 1043 natura
485 991 658 1061 vadiS‚
700 992 903 1045 similes
943 996 1005 1045 ut
1048 993 1289 1062 corporis
1329 994 1501 1046 undas

128 1063 450 1136 Ostendant,
489 1065 621 1118 haec
663 1066 779 1119 sola
818 1086 1016 1120 novam
1054 1068 1314 1120 iactantia
1357 1072 1562 1122 sortem

125 1138 407 1193 Humanos
447 1145 740 1210 properant
779 1142 983 1195 imitari
1022 1142 1247 1195 flumina
1286 1162 1478 1196 mores,

127 1212 283 1267 Celsa
324 1215 516 1268 dehinc
547 1216 796 1285 patulum
828 1220 1182 1286 prospectans
1214 1215 1421 1271 Narnia
1456 1236 1705 1288 campum
1753 1234 1837 1273 515

122 1288 318 1360 Regali
358 1291 596 1343 calcatur
637 1309 798 1361 equo⁷
839 1292 1054 1360 rarique
1095 1292 1292 1344 coloris

123 1362 252 1416 Non
291 1365 483 1433 procul
523 1366 696 1417 amnis
738 1366 914 1436 abest,
953 1367 1078 1418 urbi
1121 1367 1213 1435 qui
1251 1367 1488 1420 nominis
1530 1372 1739 1422 auctor:

122 1436 252 1491 Ilice
294 1439 393 1491 sub
437 1439 598 1491 densa
642 1440 792 1492 silvis
833 1444 1043 1493 artatus
1085 1442 1267 1510 opacis

122 1511 273 1566 Inter
310 1517 600 1583 utrumque
639 1515 830 1586 iugum
869 1516 1032 1568 tortis
1074 1516 1409 1568 anfractibus
1451 1517 1611 1570 albet.

121 1587 253 1640 Inde
294 1588 531 1641 salutato
572 1589 758 1642 libatis
799 1589 1074 1659 Thybride
1114 1590 1353 1660 lymphis
1749 1606 1834 1646 520

121 1662 419 1732 Excipiunt
460 1681 615 1715 arcus
657 1682 990 1733 operosaque
1032 1666 1223 1717 semita
1262 1666 1432 1718 vastis

121 1736 361 1790 Molibus
403 1741 456 1790 et
497 1738 758 1808 quidquid
797 1743 981 1792 tantae
1020 1741 1391 1809 praemittitur
1429 1741 1566 1794 urbi.

235 1811 317 1865 Ao
354 1813 504 1865 velut
546 1813 740 1866 officiis
781 1815 1179 1884 trepidantibus
1223 1834 1314 1868 ora
1354 1816 1567 1884 puellae

124 1885 229 1955 Spe
261 1887 513 1955 propiore
553 1889 661 1940 tori
699 1892 874 1941 mater
915 1890 1189 1942 sollertior
1229 1893 1387 1943 ornat

121 1960 456 2013 Adveniente
495 1980 660 2029 proco
701 1967 986 2031 vestesque
1028 1968 1080 2016 et
1122 1965 1339 2036 cingula
1379 1965 1543 2018 comit
1751 1982 1835 2021 525

123 2034 293 2105 Saepe
333 2054 497 2088 manu
537 2036 801 2105 viridique
842 2042 1100 2108 angustat
1138 2039 1345 2108 iaspide
1383 2043 1573 2108 pectus

122 2108 568 2181 Substringitque
610 2129 818 2163 comam
858 2113 1084 2182 gemmis
1126 2117 1179 2165 et
1220 2114 1358 2166 colla
1397 2115 1589 2167 monili

124 2183 328 2237 Circuit
370 2188 422 2237 et
462 2186 612 2237 bacis
654 2190 842 2238 onerat
884 2187 1237 2240 candentibus
1279 2205 1457 2239 aures:

121 2257 210 2311 Sic,
251 2259 422 2312 oculis
461 2260 727 2329 placitura
766 2261 876 2312 tuis
915 2261 1184 2332 insignior
1224 2263 1397 2314 auctis

124 2332 368 2386 Collibus
411 2338 463 2387 et
501 2339 633 2387 nota
672 2335 844 2387 maior
886 2354 942 2388 se
981 2336 1154 2388 Roma
1194 2337 1479 2390 videndam
1747 2353 1833 2393 530

122 2407 350 2461 Obtulit.
429 2407 717 2462 Addebant
756 2410 1046 2479 pulchrum
1082 2430 1223 2463 nova
1263 2412 1476 2465 moenia
1515 2411 1728 2466 vultum

119 2481 323 2536 Audito
363 2484 602 2553 perfecta
640 2503 825 2538 recens
865 2504 1080 2538 rumore
1124 2485 1397 2558 Getarum,

107 2557 464 2627 Profecitque
506 2559 687 2628 opifex
727 2559 905 2613 decori
943 2561 1123 2631 timor,
1164 2565 1216 2614 et
1256 2562 1370 2614 vice
1410 2561 1561 2632 mira,

121 2630 294 2695 Quam
332 2651 439 2701 pax
476 2634 759 2705 intulerat,
799 2635 943 2688 bello
986 2635 1226 2688 discussa
1269 2640 1516 2689 senectus

118 2705 310 2758 Erexit
351 2708 560 2761 subitas
600 2713 777 2762 turres
819 2714 1150 2779 cunctosque
1192 2710 1369 2781 coegit
1743 2724 1829 2764 535

120 2778 338 2849 Septem
378 2783 635 2836 continuo
677 2784 842 2837 colles
881 2785 1222 2838 iuvenescere
1261 2804 1431 2838 muro,

118 2852 242 2923 Ipse
281 2856 466 2909 favens
505 2858 650 2910 votis
691 2859 961 2927 solitoque
1002 2860 1274 2912 decentior
1314 2878 1419 2930 aer,

122 2927 377 2997 Quamvis
418 2931 641 2985 adsiduo
679 2936 896 2986 noctem
935 2934 1242 2986 foedaverat
1281 2934 1469 3005 imbre,
