2085 3215
654 635 1211 694 PANEGYRICVS

91 755 196 813 DE
226 754 514 814 TERTIO
542 752 1014 813 OONSVLATV
1047 753 1384 812 HONORII
1410 753 1780 812 AVGVSTI.

740 901 1133 952 PRAEFATIO.

875 1014 996 1070 (VI.)

85 1103 288 1156 Parvos
327 1122 437 1156 non
476 1104 673 1172 aquilis
713 1105 794 1156 fas
835 1108 914 1155 est
956 1104 1174 1156 educere
1213 1105 1355 1156 fetus

160 1177 302 1230 Ante
342 1178 500 1229 fidem
541 1178 673 1230 solis
714 1178 1075 1245 iudiciumque
1114 1178 1239 1246 poli.

86 1250 230 1304 Nam
269 1256 442 1321 pater,
483 1271 509 1304 e
551 1252 718 1303 scisso
761 1251 921 1303 saluit
964 1269 1083 1302 011111
1121 1252 1357 1322 tegmine
1398 1251 1574 1319 proles

161 1323 377 1393 Ovaque
417 1329 689 1377 maternus
730 1325 876 1393 rupit
916 1325 1095 1376 hiulca
1134 1329 1311 1394 tepor,

84 1398 341 1450 Protinus
382 1399 664 1467 implumes
707 1398 971 1450 convertit
1011 1399 1076 1450 ad
1117 1399 1330 1450 aethera
1370 1397 1527 1450 nidos
1748 1414 1773 1452 5

160 1472 233 1523 Et
273 1476 417 1524 reeto
458 1474 699 1524 flammas
744 1473 971 1540 imperat
1014 1491 1102 1523 ore
1142 1473 1269 1540 pati

87 1544 334 1597 Consulit
375 1546 619 1597 ardentes
659 1546 835 1597 radios
877 1550 928 1597 et
969 1546 1085 1597 11106
1125 1546 1385 1616 magistra

156 1618 424 1671 Natorum
463 1620 604 1671 vires
646 1620 1027 1690 ingeniumque
1066 1620 1275 1688 probat.

82 1692 412 1763 Degenerem
451 1694 640 1764 refugo
681 1693 842 1745 torsit
884 1712 976 1760 qm
1016 1693 1217 1745 lumine
1257 1693 1455 1761 visum,

155 1766 444 1837 Vnguibus
484 1767 625 1818 himo
667 1768 838 1819 saevis
880 1767 959 1818 ira
998 1771 1219 1835 patema
1259 1767 1398 1819 fe1it.
1721 1782 1775 1820 10

81 1839 468 1908 Exploratores
510 1841 679 1892 oculis
721 1841 813 1908 qui
853 1841 1077 1908 pertulit
1116 1841 1267 1911 ignes

159 1913 533 1981 Sustinuitque
575 1915 686 1965 acie
724 1914 992 1966 nobiliore
1034 1914 1196 1983 diem,

81 1986 340 2038 Nutritur
378 1988 761 2055 volucrumque
801 1992 992 2055 potens
1033 1991 1085 2039 et
1125 1988 1368 2039 fulminis
1409 1988 1585 2056 heres,

159 2059 419 2112 Gesturus
462 2079 668 2112 summo
708 2061 816 2112 tela
855 2061 1076 2112 trisulca
1116 2060 1246 2112 Iovi.

84 2133 171 2186 Me
213 2152 423 2202 quoque
462 2134 657 2186 Pieriis
697 2138 1018 2202 temptatum
1059 2134 1270 2202 saepius
1312 2135 1482 2186 antris
1718 2151 1770 2189 15

155 2207 332 2259 Audet
370 2226 565 2278 magna
606 2226 700 2260 suo
741 2208 955 2259 mittere
995 2207 1165 2259 Roma
1207 2208 1316 2259 deo.

80 2279 195 2333 Iam
236 2282 478 2333 dominas
519 2301 694 2350 auree,
735 2282 842 2333 iam
881 2281 1028 2352 regia
1067 2285 1208 2333 teeta
1248 2300 1512 2333 meremur

154 2354 228 2406 Et
268 2355 449 2423 chelys
488 2355 737 2426 Augusto
779 2355 950 2407 iudice
989 2360 1173 2407 nostra
1215 2360 1382 2407 sonat.

200 2520 225 2557 3
260 2529 283 2559 e
316 2515 478 2574 scisso]
512 2518 698 2572 seripsi;
731 2530 936 2560 excusso.
