2085 3215
475 111 588 167 (111.)
621 111 686 154 ΙΝ
718 111 999 155 erffivm
1032 111 1212 156 LIBER
1244 111 1483 156 PRIMVS.

719 338 809 396 IN
855 337 1226 396 RVFINVM

833 486 1033 532 LIBER.
1074 486 1110 533 I.

907 597 1028 653 (111.)

237 687 403 758 Saepe
443 688 578 740 mihi
620 687 838 739 dubiam
877 687 1045 739 traxit
1087 688 1353 740 sententia
1394 693 1641 757 mentem,

125 762 385 814 Curarent
427 762 606 831 superi
645 766 815 813 terras
857 780 926 812 an
962 761 1145 813 nullus
1187 762 1386 814 inesset

122 836 322 888 Rector
361 840 413 888 et
453 836 657 888 incerto
697 836 925 887 fluerent
964 836 1216 887 mortalia
1257 854 1396 888 casu.

119 909 262 963 Nam
304 929 423 962 cum
464 909 716 978 dispositi
757 909 1086 977 quaesissem
1125 910 1338 961 foedera
1378 911 1564 962 mundi

120 983 597 1053 Praescriptosque
637 983 774 1034 mari
813 983 947 1035 fines
989 983 1249 1051 annisque
1289 987 1498 1035 meatus

119 1057 194 1110 Et
234 1058 370 1109 lucis
408 1057 692 1125 noctisque
731 1057 897 1109 vices:
937 1061 1066 1108 tunc
1108 1058 1286 1109 omnia
1326 1058 1482 1109 rebar

122 1130 363 1183 Consilio
403 1132 616 1183 firmata
658 1131 763 1199 (101,
805 1131 898 1198 qui
937 1131 1055 1201 lege
1094 1131 1296 1183 moveri

122 1204 328 1275 Sidera7
369 1205 462 1273 qui
501 1206 685 1276 fruges
728 1205 938 1257 diverso
978 1208 1219 1273 tempore
1257 1206 1422 1273 nasci,

121 1278 224 1340 Qui
262 1279 468 1331 variam
506 1278 762 1331 Phoeben
801 1279 975 1330 alieno
1017 1279 1236 1330 iusserit
1276 1279 1391 1349 igni

121 1351 390 1422 Compleri
430 1352 714 1421 Solemque
756 1371 876 1421 3110,
915 1353 1214 1420 porrexerit
1254 1353 1412 1404 undis

116 1426 326 1496 Litora,
366 1427 615 1478 tellurem
654 1427 829 1478 medio
864 1396 1150 1477 libraverit
1191 1445 1300 1478 axe.

119 1499 224 1553 Sed
263 1520 384 1552 cum
422 1519 506 1552 res
545 1500 826 1552 hominum
866 1504 1018 1552 tanta
1059 1500 1288 1570 caligine
1328 1500 1474 1552 volvi

116 1573 465 1642 Adspicerem
502 1575 781 1642 laetosque
822 1574 914 1625 diu
952 1575 1141 1625 florere
1179 1578 1433 1626 nocentes

115 1647 422 1716 Vexarique
461 1648 598 1717 pios,
638 1666 824 1699 rursus
865 1647 1130 1699 labefacta
1171 1648 1394 1700 cadebat

117 1721 354 1792 Relligio
395 1740 691 1790 causaeque
729 1722 874 1773 viam
911 1740 1023 1773 non
1062 1726 1252 1790 sponte
1293 1723 1555 1790 sequebar

118 1794 361 1847 Alterius
371 1840 384 1865 ,
422 1814 591 1848 vacuo
633 1814 767 1864 quae
809 1814 1018 1847 currere
1059 1796 1262 1847 semina
1301 1800 1454 1848 motu

118 1868 386 1921 Adfirmat
425 1888 786 1940 magnumque
824 1888 992 1921 novas
1031 1887 1127 1938 per
1165 1870 1323 1921 inane
1363 1871 1565 1941 figuras

119 1942 382 2012 Fortuna,
419 1961 531 1995 non
569 1947 682 1994 arte
721 1943 858 2013 regi,
900 1961 1035 2011 quae
1072 1944 1295 1995 numina
1337 1962 1496 1996 sensu

120 2015 395 2087 Ambiguo
434 2017 521 2068 vel
557 2017 707 2068 nulla
748 2020 905 2085 putat
943 2017 1031 2067 vel
1067 2017 1247 2068 nescia
1286 2019 1475 2070 nostri.

118 2090 367 2142 Abstulit
405 2090 548 2142 hunc
587 2091 802 2142 tandem
842 2090 1027 2141 Rufini·
1064 2108 1236 2158 poena
1275 2092 1571 2143 tumultum

120 2163 481 2232 Absolvitque
523 2164 662 2216 deos,
739 2163 855 2215 Iam
892 2182 1004 2215 non
1043 2163 1110 2214 ad
1149 2164 1382 2215 cuhnina
1422 2183 1600 2217 rerum

121 2237 361 2290 Iniustos
402 2238 631 2290 crevisse
673 2256 888 2306 queror;
927 2237 1197 2289 tolluntur
1236 2238 1293 2289 in
1332 2238 1517 2307 altum,

120 2312 196 2363 Vt
235 2313 392 2381 lapsu
430 2312 677 2383 graviore
717 2315 890 2363 ruant.
967 2311 1081 2362 Vos
1121 2311 1339 2380 pandite
1379 2313 1506 2381 vati,

120 2385 383 2455 Pierides,
424 2405 528 2454 quo
569 2389 722 2438 tanta
760 2386 875 2437 lues
917 2385 1152 2453 eruperit
1194 2389 1329 2437 ortu.

232 2459 472 2512 Invidiae
513 2460 782 2528 quondam
822 2459 1058 2511 stimulis
1098 2459 1375 2511 incanduit
1416 2463 1571 2512 atrox

119 2532 356 2603 Aflecm,
394 2534 633 2603 placidas
672 2534 780 2586 late
821 2552 941 2585 cum
981 2536 1218 2585 cerneret
1257 2534 1431 2585 urbes,

120 2607 378 2660 Protinus
418 2608 654 2660 infernas
696 2608 763 2659 ad
800 2608 988 2660 limina
1027 2610 1200 2658 taetra
1241 2625 1451 2660 sorores

127 2680 429 2733 Concilium
469 2681 703 2733 deforme
743 2686 913 2733 vocat.
994 2680 1373 2733 Glomerantur
1412 2682 1470 2734 in
1508 2702 1675 2734 unum

121 2753 437 2807 Innumerae
475 2759 654 2824 pestes
693 2755 881 2825 Erebi,
922 2773 1284 2823 quascumque
1325 2755 1546 2808 sinistro

242 2919 268 2958 5
302 2915 548 2974 annisque]
585 2917 831 2972 Heinse'us‚·
863 2915 1089 2971 annique,
1125 2914 1380 2971 amnisque.

1757 113 1817 163 ll

1765 1369 1815 1406 10

1762 1740 1814 1777 15

1759 2108 1813 2145 ‘20
