2044 3220
125 92 128 94 ’
184 108 434 166 (xxxin.)
467 107 548 150 DE
580 106 786 151 RAPTV
819 105 1242 151 PROSERPINAE
1275 107 1458 151 LIBER
1489 99 1743 154 PRIMVS(
1782 109 1891 162 263

184 243 423 295 Auditur
461 243 710 295 fremitus
749 242 912 295 terris
951 243 1322 311 templumque
1363 244 1599 315 remugit
1840 255 1894 298 10

129 317 507 388 Cecropium
547 321 867 385 sanctasque
906 317 1049 368 faces
1091 318 1304 369 extollit
1344 318 1576 371 Eleusis,

184 390 409 462 Angues
450 391 770 460 Triptolemi
812 384 1043 442 strident
1085 394 1137 442 et
1180 410 1436 459 squamea
1477 393 1654 445 curvis

189 464 340 517 Colla
380 466 562 518 levant
603 465 793 517 attrita
833 465 978 535 iugis
1019 465 1283 547 lapsuque
1325 485 1512 518 sereno

180 539 368 592 Erecti
407 558 590 592 roseas
629 539 859 591 tendunt
900 539 974 590 ad·
1007 539 1243 590 0311111113
1286 540 1491 592 3113133.

181 613 322 665 Εο03
361 614 553 682 procul
591 613 761 665 ternis
801 612 1006 665 Hecate
1045 613 1255 665 variata
1295 614 1487 684 figuris
1838 631 1894 669 15

181 687 467 757 Exoritur,
505 687 748 756 levisque
790 687 953 739 simul
992 687 1235 755 procedit
1276 685 1501 740 Iacchus

185 760 391 814 Crinali
430 763 628 814 florens
668 761 886 831 hedera⁷
928 780 1086 829 quem
1126 761 1382 813 Parthica
1423 763 1566 814 velat

180 834 363 907 Tigris
405 840 458 888 et
499 840 718 888 auratos
759 836 817 887 in
854 836 1057 887 nodum
1099 836 1310 906 colligit
1351 855 1582 907 ungues:

179 909 350 962 Ebria
390 910 672 962 Maeonius
712 911 894 962 firmat
934 910 1165 980 vestigia
1206 911 1443 978 thyrsus.

291 983 385 1053 Di,
427 984 625 1052 quibus
665 984 1008 1036 innumerum
1046 984 1203 1036 vacui
1243 985 1539 1036 famulatur
1578 985 1780 1038 Averni
1839 1002 1895 1040 20

183 1057 399 1129 Vulgus
439 1058 606 1128 iners7
648 1058 843 1127 opibus
886 1077 1116 1127 quorum
1159 1059 1390 1111 donatur
1431 1060 1605 1112 avaris

182 1130 457 1200 Quidquid
495 1133 553 1184 in
594 1133 723 1185 orbe
763 1133 930 1202 perit
973 1151 1108 1201 quos
1151 1132 1287 1202 Styx
1326 1134 1625 1186 liventibus
1667 1136 1838 1187 ambit

176 1204 451 1259 Interfusa
490 1208 643 1259 vadis
685 1211 737 1260 et
781 1226 916 1276 quos
957 1208 1223 1259 fumantia
1263 1212 1523 1276 torquens

178 1279 433 1349 Aequora
481 1281 792 1352 gurgitibus
832 1281 1176 1352 Phlegethon
1222 1283 1518 1350 perlustrat
1568 1283 1776 1335 anhelis
1818 1316 1895 1322 —-

177 1354 295 1407 Vos
334 1355 471 1407 mihi
512 1375 786 1408 sacrarum
826 1357 1125 1424 penetralia
1164 1357 1385 1425 pandite
1425 1375 1605 1408 rerum
1835 1372 1891 1411 25

176 1429 254 1480 Et
293 1430 462 1481 vestri
504 1434 707 1482 secreta
747 1430 886 1499 poli:
929 1449 1034 1499 qua
1074 1431 1321 1499 lampade
1361 1431 1545 1482 Ditem
1614 1488 1617 1489 ⁷

178 1502 358 1555 Flexit
397 1503 590 1574 Amor3
633 1523 738 1573 quo
782 1505 941 1556 ducta
981 1505 1134 1556 ferox
1173 1505 1499 1574 Proserpina
1541 1510 1701 1574 raptu

176 1577 427 1630 Possedit
469 1578 665 1630 dotale
691 1578 867 1630 Chaos
909 1583 1246 1661 quantasque
1286 1598 1381 1647 per
1423 1598 1544 1631 0133

177 1650 426 1705 Sollicito
467 1652 715 1723 genetiix
755 1651 1022 1705 err-avent
1055 1653 1213 1704 anxia
1255 1671 1437 1708 cursu:

176 1726 331 1779 Vnde
373 1727 528 1779 datae
567 1727 784 1796 populis
825 1728 1010 1798 fruges
1052 1732 1104 1779 et
1145 1727 1339 1798 glande
1380 1728 1570 1780 1311013
1830 1744 1888 1782 30

181 1800 417 1853 03333111
455 1802 693 1853 inventis
732 1802 982 1854 Dodonia
1024 1820 1251 1870 quercus
1293 1802 1490 1854 aristis,

291 1875 418 1927 Dux
457 1875 626 1928 Erebi
667 1876 939 1944 quondam
978 1876 1215 1928 tumidas
1257 1877 1459 1928 exarsit
1499 1877 1558 1928 in
1598 1877 1706 1929 1133

176 1949 392 2002 Proelia
431 1954 680 2002 moturus
723 1950 955 2020 superiS‚
997 1950 1142 2018 quod
1182 1951 1330 2002 solus
1373 1955 1553 2021 egeret

179 2022 444 2077 Conubiis
486 2024 806 2092 sterilesque
847 2024 938 2076 (liu
979 2028 1317 2076 consumeret
1359 2043 1528 2077 annos

176 2096 475 2167 Impatiens
514 2099 721 2151 nescire
760 2102 943 2151 torum
980 2099 1268 2166 nullasque
1307 2099 1490 2150 mariti
1830 2115 1888 2154 35

174 2171 482 2225 Inlecebras
521 2191 619 2225 nec
660 2174 813 2225 dulce
852 2173 1024 2242 patris
1066 2191 1388 2244 cognoscere
1427 2192 1638 2225 nomen.

173 2245 292 2299 Iam
333 2265 700 2316 quaecumque
739 2248 912 2299 latent
952 2248 1109 2299 ferali
1148 2251 1394 2299 monstra
1432 2247 1690 2300 barathro

175 2319 243 2373 In
280 2325 488 2373 turmas
530 2322 803 2390 aciemque
843 2326 1008 2374 ruunt
1049 2325 1344 2390 contraque
1383 2321 1685 2375 Tonantem

178 2395 478 2448 Coniurant
516 2395 734 2466 Furiae,
775 2396 1075 2464 crinitaque
1116 2396 1364 2448 sontibus
1404 2396 1592 2464 hydris

176 2470 484 2539 vTesiphone
526 2471 775 2539 quatiens
816 2471 1058 2523 infausto
1099 2471 1303 2522 lumine
1342 2470 1533 2539 pinum
1829 2487 1888 2526 40

176 2543 435 2597 Armatos
475 2545 543 2597 ad
583 2549 760 2611 castra
798 2550 956 2598 vocat
995 2545 1255 2614 pallentia
1295 2544 1497 2597 Manes,

177 2617 354 2671 Paene
393 2620 674 2672 reluctatis
715 2620 914 2672 iterum
951 2619 1252 2691 pugnantia
1291 2619 1452 2671 rebus

172 2692 473 2761 Rupissent
513 2694 777 2747 elementa
815 2695 977 2747 fidem
1015 2694 1339 2763 penitusque
1379 2694 1593 2746 revulso

179 2765 401 2819 0310313
440 2768 638 2820 laxatis
676 2769 849 2838 pubes
889 2769 1105 2821 Titania
1144 2767 1336 2820 vinclis

172 2840 420 2894 Vidisset
461 2843 688 2895 caeleste
726 2843 885 2896 iubar
924 2861 1219 2911 rursusque
1260 2846 1513 2895 cruentus
1814 2858 1886 2896 45

172 2914 433 2986 Aegaeon
469 2917 668 2985 positis
709 2922 868 2970 aucto
910 2919 972 2970 de
1014 2935 1235 2987 corpore
1274 2917 1433 2970 nodis
