2044 3220
179 158 285 211 182
727 155 974 201 CLAVDH
1005 154 1338 200 CLAVDIANI

179 295 473 348 Germanae
515 295 729 344 servant
768 291 1009 361 HyadeS,
1051 291 1331 363 Cygnique
1373 290 1572 343 sodalis

180 369 409 420 Lacteus
451 369 696 419 extentas
737 365 1011 437 adspergit
1052 366 1283 418 circulus
1325 365 1459 435 alas3

179 441 433 512 Stelliger
471 440 742 492 Eridanus
784 440 1014 492 sinuatis
1053 440 1284 492 flexibus
1326 458 1508 492 errans
1790 453 1874 493 175

180 515 337 569 Clara
374 513 511 567 Noti
551 532 785 567 convexa
824 514 968 585 riga-t
1007 514 1294 585 gladioque
1333 513 1670 566 tremendum

180 588 407 660 Gurgite
448 588 653 641 sidereo
695 589 987 641 subterluit
1029 587 1241 641 Oriona.

286 663 406 716 Hoc
446 663 575 715 deus
616 662 878 734 effulgens
917 663 1110 715 habitu
1148 663 1426 731 prospexit
1468 665 1654 715 euntes

175 737 397 791 Deiecta
438 737 639 790 cervice
681 736 866 806 Getas3
906 741 1036 789 tunc
1075 737 1207 789 talia
1247 737 1414 789 fatur:

175 811 381 866 ‘Sicine
421 811 645 866 mutatis
684 829 964 882 properaS,
1003 810 1238 881 Alai-ice,
1278 811 1475 864 reverti
1792 824 1877 865 180

67 946 72 950 ,
180 885 475 939 Consiliis?
551 884 721 938 Italae
763 886 838 938 sic
877 890 931 938 te
969 885 1077 938 iam
1115 885 1354 954 paenitet
1396 885 1556 937 orae?

172 959 288 1014 Nec
326 961 435 1013 iam
474 960 815 1028 cornipedem
855 959 1132 1028 Thybrino
1173 960 1414 1031 gramine
1453 959 1647 1030 pasciS,

173 1034 251 1087 Vt
291 1035 500 1104 rebare,
539 1034 730 1086 tuum?
809 1033 999 1086 Tuscis
1039 1053 1136 1086 nec
1175 1034 1299 1105 figis
1340 1037 1580 1087 aratrum

183 1108 466 1161 Collibus?
545 1107 588 1160 O
631 1108 837 1160 cunctis
877 1108 1045 1160 Erebi
1087 1108 1402 1179 dignissime
1440 1108 1644 1178 poeniS,

178 1182 328 1235 Tune
370 1181 651 1253 Giganteis
691 1182 880 1234 urbem
919 1186 1183 1251 temptare
1225 1182 1446 1235 deorum
1687 1177 1706 1190 ⁹
1793 1195 1876 1236 185

178 1255 485 1328 Adgressus
526 1256 724 1308 furiis?
762 1275 861 1309 nec
900 1260 953 1309 te
993 1276 1166 1326 meuS,
1205 1257 1473 1327 improbe,
1514 1257 1706 1310 saltem

176 1331 390 1383 Terruit
432 1331 675 1399 exemplo
715 1330 1022 1399 Phaethon,
1064 1331 1158 1400 qui
1197 1331 1427 1383 fissmina
1464 1349 1718 1400 praeceps

175 1404 241 1457 In
277 1405 480 1458 nostris
522 1405 726 1458 efflavit
768 1405 946 1475 aquiS,
987 1405 1113 1458 dum
1151 1406 1397 1458 flammea
1439 1405 1571 1458 caeli

175 1479 418 1532 Flectere
456 1480 686 1532 terrenis
726 1480 1018 1532 meditatur
1056 1480 1207 1532 frena
1247 1479 1464 1532 lacertis

175 1553 505 1622 Mortalique
547 1554 685 1605 diem
726 1558 906 1622 sperat
947 1554 1241 1606 diffundere
1280 1554 1474 1606 vultu?
1792 1568 1876 1608 190

176 1626 341 1679 Crede
380 1628 538 1696 mihi,
580 1627 744 1679 simili
783 1628 1078 1680 bacchatur
1118 1628 1365 1697 crimine,
1406 1627 1652 1696 quisquis

173 1699 433 1770 Adspirat
472 1702 676 1754 Romae
718 1701 905 1770 spoliis
947 1705 1039 1754 aut
1081 1701 1222 1754 Solis
1262 1701 1531 1754 habenis'.

290 1775 380 1827 Sic
418 1775 564 1828 fatus
603 1775 832 1846 Ligures
872 1775 1218 1844 Venetosque
1258 1775 1485 1828 erectior
1523 1793 1706 1828 amnes

176 1848 377 1920 Magna
416 1868 545 1902 voce
587 1849 704 1902 ciet.
781 1849 823 1901 F
828 1850 1180 1902 rondentibus
1219 1849 1401 1901 umida
1440 1849 1576 1918 ripis

176 1922 329 1976 Colla
368 1924 570 1976 levant:
611 1923 835 1993 pulcher
875 1923 1094 1976 Ticinus
1136 1927 1188 1976 et
1226 1922 1419 1976 Addua
1457 1924 1580 1976 visu
1789 1936 1874 1977 195

177 1997 434 2050 Caerulus
476 2002 527 2050 et
566 1998 724 2050 velox
763 1996 986 2050 Athesis
1026 1998 1318 2066 tardusque
1358 2002 1540 2050 meatu

171 2070 405 2124 Mincius
445 2073 608 2140 inque
646 2091 841 2125 novem
882 2091 1210 2144 consurgens
1253 2091 1345 2124 ora
1386 2071 1653 2124 Timavus

172 2144 446 2198 Insultant
488 2165 672 2199 omnes
710 2147 944 2218 profugo
983 2150 1280 2216 pacataque
1319 2147 1523 2199 laetum

172 2218 414 2272 Invitant
454 2221 521 2272 ad
558 2225 714 2290 prata
752 2239 937 2291 pecus3
976 2221 1085 2273 iam
1122 2221 1270 2273 Pana
1309 2221 1593 2290 Lycaeum,

171 2292 287 2346 Iam
325 2294 571 2363 Dryadas
611 2299 865 2348 revocant
906 2299 958 2348 et
998 2295 1199 2347 rustica
1237 2295 1459 2347 numina
1496 2293 1727 2347 Faunos
1785 2307 1871 2347 200

285 2368 366 2420 Tu
407 2387 620 2437 quoque
657 2387 769 2421 non
805 2388 1032 2438 parvum
1074 2369 1276 2437 Cretico,
1315 2368 1553 2437 Verona,
1592 2367 1870 2438 triumpho

174 2440 445 2513 Adiungis
487 2443 775 2512 cumulum,
814 2461 911 2495 nec
949 2444 1072 2511 plus
1112 2442 1384 2495 Pollentia
1423 2442 1584 2493 rebus

181 2513 423 2568 Contulit
462 2515 724 2569 Ausoniis
765 2520 858 2568 aut
897 2517 1108 2569 moenia
1146 2515 1372 2568 vindicis
1411 2515 1630 2567 Hastae.

172 2588 300 2658 Hic,
340 2609 526 2642 rursus
568 2590 693 2643 dum
731 2594 889 2659 pacta
927 2593 1107 2643 movet
1148 2589 1461 2658 damnisque
1502 2592 1719 2642 coactus

171 2661 431 2715 Extremo
471 2669 680 2716 mutare
719 2667 874 2734 parat
912 2664 1215 2733 praesentia
1257 2682 1397 2733 caSU,
1780 2677 1867 2717 205

172 2734 270 2789 Nil
310 2736 414 2788 sibi
452 2739 727 2806 periurum
768 2738 936 2791 sensit
974 2738 1227 2807 prodesse
1267 2739 1505 2790 furorem

175 2808 427 2862 Converti
464 2829 562 2864 nec
600 2813 713 2864 fata
751 2813 894 2882 1000,
933 2812 1227 2880 multisque
1269 2829 1490 2864 suorum

170 2882 333 2936 Diras
372 2885 523 2953 pavit
562 2903 712 2956 aves,
751 2886 1074 2954 inimicaque
1115 2904 1339 2954 corpora
1377 2885 1599 2938 volvens

171 2955 356 3010 Ionios
396 2958 618 3012 Athesis
659 2960 889 3013 mutavit
930 2960 1192 3031 sanguine
1231 2960 1442 3012 fluctus,
