<?xml version="1.0" encoding="UTF-8"?>
<!DOCTYPE html PUBLIC "-//W3C//DTD XHTML 1.0 Transitional//EN"
    "http://www.w3.org/TR/xhtml1/DTD/xhtml1-transitional.dtd">
<html xmlns="http://www.w3.org/1999/xhtml" xml:lang="en" lang="en">
 <head>
  <title>
</title>
<meta http-equiv="Content-Type" content="text/html;charset=utf-8" />
  <meta name='ocr-system' content='tesseract 3.04.00' />
  <meta name='ocr-capabilities' content='ocr_page ocr_carea ocr_par ocr_line ocrx_word'/>
</head>
<body>
  <div class='ocr_page' id='page_1' title='image "./carmina00clauuoft_0229.png"; bbox 0 0 2044 3220; ppageno 0'>
   <div class='ocr_carea' id='block_1_1' title="bbox 173 110 1863 169">
    <p class='ocr_par' dir='ltr' id='par_1_1' title="bbox 173 110 1863 169">
     <span class='ocr_line' id='line_1_1' title="bbox 173 110 1863 169; baseline 0.007 -14"><span class='ocrx_word' id='word_1_1' title='bbox 173 110 358 169; x_wconf 88' lang='lat' dir='ltr'><strong>(XXII.)</strong></span> <span class='ocrx_word' id='word_1_2' title='bbox 381 110 462 154; x_wconf 89' lang='lat' dir='ltr'>DE</span> <span class='ocrx_word' id='word_1_3' title='bbox 488 111 734 157; x_wconf 81' lang='lat' dir='ltr'><strong>CONSVL.</strong></span> <span class='ocrx_word' id='word_1_4' title='bbox 762 111 1140 158; x_wconf 85' lang='lat' dir='ltr'>STILICHONIS</span> <span class='ocrx_word' id='word_1_5' title='bbox 1166 113 1348 160; x_wconf 81' lang='lat' dir='ltr'>LIBER</span> <span class='ocrx_word' id='word_1_6' title='bbox 1372 114 1703 161; x_wconf 83' lang='lat' dir='ltr'>SECVNDVS.</span> <span class='ocrx_word' id='word_1_7' title='bbox 1764 116 1863 169; x_wconf 88' lang='grc'>161</span> 
     </span>
    </p>
   </div>
   <div class='ocr_carea' id='block_1_2' title="bbox 172 245 1886 3056">
    <p class='ocr_par' dir='ltr' id='par_1_2' title="bbox 172 245 1886 3056">
     <span class='ocr_line' id='line_1_2' title="bbox 173 245 1628 318; baseline 0.004 -20"><span class='ocrx_word' id='word_1_8' title='bbox 173 245 476 299; x_wconf 83' lang='lat' dir='ltr'>Eucherius</span> <span class='ocrx_word' id='word_1_9' title='bbox 515 247 765 300; x_wconf 86' lang='lat' dir='ltr'>flectebat</span> <span class='ocrx_word' id='word_1_10' title='bbox 806 266 1003 316; x_wconf 90' lang='lat' dir='ltr'>equum</span> <span class='ocrx_word' id='word_1_11' title='bbox 1040 249 1337 318; x_wconf 88' lang='lat' dir='ltr'>iaculisque</span> <span class='ocrx_word' id='word_1_12' title='bbox 1375 249 1461 303; x_wconf 81' lang='lat' dir='ltr'>vel</span> <span class='ocrx_word' id='word_1_13' title='bbox 1500 269 1628 304; x_wconf 90' lang='lat' dir='ltr'>arcu</span> 
     </span>
     <span class='ocr_line' id='line_1_3' title="bbox 173 319 1454 390; baseline 0.004 -18"><span class='ocrx_word' id='word_1_14' title='bbox 173 319 356 373; x_wconf 91' lang='lat' dir='ltr'>Aurea</span> <span class='ocrx_word' id='word_1_15' title='bbox 393 339 692 390; x_wconf 90' lang='lat' dir='ltr'>purpureos</span> <span class='ocrx_word' id='word_1_16' title='bbox 732 322 988 374; x_wconf 88' lang='lat' dir='ltr'>tollentes</span> <span class='ocrx_word' id='word_1_17' title='bbox 1029 340 1228 375; x_wconf 91' lang='lat' dir='ltr'>cornua</span> <span class='ocrx_word' id='word_1_18' title='bbox 1269 342 1454 377; x_wconf 84' lang='lat' dir='ltr'>cervos</span> 
     </span>
     <span class='ocr_line' id='line_1_4' title="bbox 175 393 1648 464; baseline 0.005 -18"><span class='ocrx_word' id='word_1_19' title='bbox 175 393 389 446; x_wconf 87' lang='lat' dir='ltr'>Aureus</span> <span class='ocrx_word' id='word_1_20' title='bbox 427 395 543 464; x_wconf 90' lang='lat' dir='ltr'>ipse</span> <span class='ocrx_word' id='word_1_21' title='bbox 582 395 721 448; x_wconf 82' lang='lat' dir='ltr'>ferit.</span> <span class='ocrx_word' id='word_1_22' title='bbox 782 395 968 448; x_wconf 91' lang='lat' dir='ltr'>Venus</span> <span class='ocrx_word' id='word_1_23' title='bbox 1007 396 1096 449; x_wconf 83' lang='lat' dir='ltr'>hic</span> <span class='ocrx_word' id='word_1_24' title='bbox 1134 398 1344 450; x_wconf 82' lang='lat' dir='ltr'>invecta</span> <span class='ocrx_word' id='word_1_25' title='bbox 1384 399 1648 453; x_wconf 83' lang='lat' dir='ltr'>columbis</span> 
     </span>
     <span class='ocr_line' id='line_1_5' title="bbox 176 467 1875 541; baseline 0.005 -21"><span class='ocrx_word' id='word_1_26' title='bbox 176 467 358 521; x_wconf 86' lang='lat' dir='ltr'>Tertia</span> <span class='ocrx_word' id='word_1_27' title='bbox 397 469 567 540; x_wconf 90' lang='lat' dir='ltr'>regali</span> <span class='ocrx_word' id='word_1_28' title='bbox 603 469 782 540; x_wconf 91' lang='lat' dir='ltr'>iungit</span> <span class='ocrx_word' id='word_1_29' title='bbox 821 470 1051 522; x_wconf 88' lang='lat' dir='ltr'>conubia</span> <span class='ocrx_word' id='word_1_30' title='bbox 1089 489 1252 541; x_wconf 82' lang='lat' dir='ltr'>nexu,</span> <span class='ocrx_word' id='word_1_31' title='bbox 1788 489 1875 529; x_wconf 86' lang='lat'>355</span> 
     </span>
     <span class='ocr_line' id='line_1_6' title="bbox 172 541 1524 613; baseline 0.004 -19"><span class='ocrx_word' id='word_1_32' title='bbox 172 541 509 612; x_wconf 88' lang='lat' dir='ltr'>Pennatique</span> <span class='ocrx_word' id='word_1_33' title='bbox 547 561 745 596; x_wconf 92' lang='lat' dir='ltr'>nurum</span> <span class='ocrx_word' id='word_1_34' title='bbox 784 543 1259 613; x_wconf 71' lang='lat' dir='ltr'>circumstipantur</span> <span class='ocrx_word' id='word_1_35' title='bbox 1295 544 1524 599; x_wconf 87' lang='lat' dir='ltr'>Amores</span> 
     </span>
     <span class='ocr_line' id='line_1_7' title="bbox 173 615 1640 689; baseline 0.004 -21"><span class='ocrx_word' id='word_1_36' title='bbox 173 615 524 687; x_wconf 86' lang='lat' dir='ltr'>Progenitam</span> <span class='ocrx_word' id='word_1_37' title='bbox 562 616 829 688; x_wconf 91' lang='lat' dir='ltr'>Augustis</span> <span class='ocrx_word' id='word_1_38' title='bbox 867 616 1347 689; x_wconf 72' lang='lat' dir='ltr'>Augustorumque</span> <span class='ocrx_word' id='word_1_39' title='bbox 1388 638 1640 674; x_wconf 85' lang='lat' dir='ltr'>sororem.</span> 
     </span>
     <span class='ocr_line' id='line_1_8' title="bbox 175 689 1575 760; baseline 0.004 -18"><span class='ocrx_word' id='word_1_40' title='bbox 175 689 477 743; x_wconf 85' lang='lat' dir='ltr'>Eucherius</span> <span class='ocrx_word' id='word_1_41' title='bbox 516 691 726 760; x_wconf 93' lang='lat' dir='ltr'>trepido</span> <span class='ocrx_word' id='word_1_42' title='bbox 765 692 873 744; x_wconf 89' lang='lat' dir='ltr'>iam</span> <span class='ocrx_word' id='word_1_43' title='bbox 911 693 1157 745; x_wconf 90' lang='lat' dir='ltr'>flammea</span> <span class='ocrx_word' id='word_1_44' title='bbox 1198 694 1446 747; x_wconf 83' lang='lat' dir='ltr'>sublevat</span> <span class='ocrx_word' id='word_1_45' title='bbox 1487 713 1575 747; x_wconf 87' lang='lat' dir='ltr'>ore</span> 
     </span>
     <span class='ocr_line' id='line_1_9' title="bbox 176 763 1472 836; baseline 0.003 -20"><span class='ocrx_word' id='word_1_46' title='bbox 176 763 444 836; x_wconf 85' lang='lat' dir='ltr'>Virginis;</span> <span class='ocrx_word' id='word_1_47' title='bbox 484 765 690 818; x_wconf 82' lang='lat' dir='ltr'>adridet</span> <span class='ocrx_word' id='word_1_48' title='bbox 729 769 874 819; x_wconf 89' lang='lat' dir='ltr'>retro</span> <span class='ocrx_word' id='word_1_49' title='bbox 915 766 1263 820; x_wconf 83' lang='lat' dir='ltr'>Thermantia</span> <span class='ocrx_word' id='word_1_50' title='bbox 1302 768 1472 821; x_wconf 85' lang='lat' dir='ltr'>fratri.</span> 
     </span>
     <span class='ocr_line' id='line_1_10' title="bbox 175 836 1877 910; baseline 0.005 -20"><span class='ocrx_word' id='word_1_51' title='bbox 175 836 292 891; x_wconf 90' lang='lat' dir='ltr'>Iam</span> <span class='ocrx_word' id='word_1_52' title='bbox 332 839 520 892; x_wconf 91' lang='lat' dir='ltr'>domus</span> <span class='ocrx_word' id='word_1_53' title='bbox 559 839 691 892; x_wconf 88' lang='lat' dir='ltr'>haec</span> <span class='ocrx_word' id='word_1_54' title='bbox 729 844 960 909; x_wconf 86' lang='lat' dir='ltr'>utroque</span> <span class='ocrx_word' id='word_1_55' title='bbox 998 841 1137 910; x_wconf 88' lang='lat' dir='ltr'>petit</span> <span class='ocrx_word' id='word_1_56' title='bbox 1176 842 1476 895; x_wconf 88' lang='lat' dir='ltr'>diademata</span> <span class='ocrx_word' id='word_1_57' title='bbox 1516 861 1646 896; x_wconf 81' lang='lat' dir='ltr'>sexu</span> <span class='ocrx_word' id='word_1_58' title='bbox 1790 859 1877 899; x_wconf 88' lang='grc'>360</span> 
     </span>
     <span class='ocr_line' id='line_1_11' title="bbox 174 912 1430 986; baseline 0.003 -21"><span class='ocrx_word' id='word_1_59' title='bbox 174 912 520 984; x_wconf 87' lang='lat' dir='ltr'>Reginasque</span> <span class='ocrx_word' id='word_1_60' title='bbox 558 915 702 983; x_wconf 89' lang='lat' dir='ltr'>parit</span> <span class='ocrx_word' id='word_1_61' title='bbox 740 915 1154 986; x_wconf 80' lang='lat' dir='ltr'>reginarumque</span> <span class='ocrx_word' id='word_1_62' title='bbox 1193 917 1430 969; x_wconf 75' lang='lat' dir='ltr'>maritos</span> 
     </span>
     <span class='ocr_line' id='line_1_12' title="bbox 290 987 1609 1062; baseline 0.003 -22"><span class='ocrx_word' id='word_1_63' title='bbox 290 987 515 1041; x_wconf 86' lang='lat' dir='ltr'>Talibus</span> <span class='ocrx_word' id='word_1_64' title='bbox 552 989 749 1042; x_wconf 89' lang='lat' dir='ltr'>invitat</span> <span class='ocrx_word' id='word_1_65' title='bbox 789 990 944 1042; x_wconf 88' lang='lat' dir='ltr'>donis</span> <span class='ocrx_word' id='word_1_66' title='bbox 985 989 1276 1059; x_wconf 84' lang='lat' dir='ltr'>dextraque</span> <span class='ocrx_word' id='word_1_67' title='bbox 1315 991 1609 1062; x_wconf 91' lang='lat' dir='ltr'>gerendum</span> 
     </span>
     <span class='ocr_line' id='line_1_13' title="bbox 175 1061 1616 1134; baseline 0.004 -21"><span class='ocrx_word' id='word_1_68' title='bbox 175 1061 316 1114; x_wconf 83' lang='lat' dir='ltr'>Diva</span> <span class='ocrx_word' id='word_1_69' title='bbox 357 1062 519 1115; x_wconf 90' lang='lat' dir='ltr'>simul</span> <span class='ocrx_word' id='word_1_70' title='bbox 556 1063 797 1132; x_wconf 78' lang='lat' dir='ltr'>porrexit</span> <span class='ocrx_word' id='word_1_71' title='bbox 837 1064 991 1134; x_wconf 80' lang='lat' dir='ltr'>ebur3</span> <span class='ocrx_word' id='word_1_72' title='bbox 1032 1064 1386 1118; x_wconf 83' lang='lat' dir='ltr'>sollemnibus</span> <span class='ocrx_word' id='word_1_73' title='bbox 1424 1085 1616 1119; x_wconf 91' lang='lat' dir='ltr'>urnam</span> 
     </span>
     <span class='ocr_line' id='line_1_14' title="bbox 180 1134 1687 1208; baseline 0.003 -20"><span class='ocrx_word' id='word_1_74' title='bbox 180 1134 494 1189; x_wconf 84' lang='lat' dir='ltr'>Commovet</span> <span class='ocrx_word' id='word_1_75' title='bbox 533 1138 787 1206; x_wconf 89' lang='lat' dir='ltr'>auspiciis</span> <span class='ocrx_word' id='word_1_76' title='bbox 827 1138 1123 1207; x_wconf 86' lang='lat' dir='ltr'>avibusque</span> <span class='ocrx_word' id='word_1_77' title='bbox 1163 1139 1378 1208; x_wconf 92' lang='lat' dir='ltr'>incepta</span> <span class='ocrx_word' id='word_1_78' title='bbox 1417 1140 1687 1193; x_wconf 87' lang='lat' dir='ltr'>secundat.</span> 
     </span>
     <span class='ocr_line' id='line_1_15' title="bbox 177 1209 1878 1270; baseline 0.004 -8"><span class='ocrx_word' id='word_1_79' title='bbox 177 1209 328 1263; x_wconf 86' lang='lat' dir='ltr'>Tunc</span> <span class='ocrx_word' id='word_1_80' title='bbox 365 1210 575 1264; x_wconf 91' lang='lat' dir='ltr'>habiles</span> <span class='ocrx_word' id='word_1_81' title='bbox 614 1213 778 1264; x_wconf 85' lang='lat' dir='ltr'>armis</span> <span class='ocrx_word' id='word_1_82' title='bbox 816 1230 1030 1265; x_wconf 90' lang='lat' dir='ltr'>umeros</span> <span class='ocrx_word' id='word_1_83' title='bbox 1068 1213 1177 1265; x_wconf 91' lang='lat' dir='ltr'>iam</span> <span class='ocrx_word' id='word_1_84' title='bbox 1215 1214 1458 1266; x_wconf 86' lang='lat' dir='ltr'>vestibus</span> <span class='ocrx_word' id='word_1_85' title='bbox 1497 1215 1668 1268; x_wconf 88' lang='lat' dir='ltr'>ambit</span> <span class='ocrx_word' id='word_1_86' title='bbox 1791 1230 1878 1270; x_wconf 84' lang='lat'>365</span> 
     </span>
     <span class='ocr_line' id='line_1_16' title="bbox 175 1284 1426 1355; baseline 0.003 -19"><span class='ocrx_word' id='word_1_87' title='bbox 175 1284 479 1355; x_wconf 82' lang='lat' dir='ltr'>Romuleis3</span> <span class='ocrx_word' id='word_1_88' title='bbox 518 1285 662 1338; x_wconf 90' lang='lat' dir='ltr'>Latii</span> <span class='ocrx_word' id='word_1_89' title='bbox 702 1286 953 1339; x_wconf 89' lang='lat' dir='ltr'>sederunt</span> <span class='ocrx_word' id='word_1_90' title='bbox 992 1291 1208 1355; x_wconf 88' lang='lat' dir='ltr'>pectore</span> <span class='ocrx_word' id='word_1_91' title='bbox 1249 1288 1426 1340; x_wconf 84' lang='lat' dir='ltr'>cultus</span> 
     </span>
     <span class='ocr_line' id='line_1_17' title="bbox 174 1358 1671 1432; baseline 0.004 -22"><span class='ocrx_word' id='word_1_92' title='bbox 174 1358 505 1428; x_wconf 91' lang='lat' dir='ltr'>Loricaeque</span> <span class='ocrx_word' id='word_1_93' title='bbox 544 1360 725 1412; x_wconf 92' lang='lat' dir='ltr'>locum</span> <span class='ocrx_word' id='word_1_94' title='bbox 764 1361 940 1413; x_wconf 89' lang='lat' dir='ltr'>decuit</span> <span class='ocrx_word' id='word_1_95' title='bbox 979 1364 1122 1432; x_wconf 88' lang='lat' dir='ltr'>toga.</span> <span class='ocrx_word' id='word_1_96' title='bbox 1186 1360 1332 1414; x_wconf 88' lang='lat' dir='ltr'>Talis</span> <span class='ocrx_word' id='word_1_97' title='bbox 1373 1362 1440 1414; x_wconf 90' lang='lat' dir='ltr'>ab</span> <span class='ocrx_word' id='word_1_98' title='bbox 1481 1361 1671 1416; x_wconf 89' lang='lat' dir='ltr'>Histro</span> 
     </span>
     <span class='ocr_line' id='line_1_18' title="bbox 177 1432 1587 1502; baseline 0.003 -17"><span class='ocrx_word' id='word_1_99' title='bbox 177 1432 283 1485; x_wconf 91' lang='lat' dir='ltr'>Vel</span> <span class='ocrx_word' id='word_1_100' title='bbox 322 1432 575 1502; x_wconf 81' lang='lat' dir='ltr'>Scythico</span> <span class='ocrx_word' id='word_1_101' title='bbox 615 1434 789 1487; x_wconf 82' lang='lat' dir='ltr'>victor</span> <span class='ocrx_word' id='word_1_102' title='bbox 826 1435 1035 1487; x_wconf 82' lang='lat' dir='ltr'>rediens</span> <span class='ocrx_word' id='word_1_103' title='bbox 1077 1434 1341 1488; x_wconf 80' lang='lat' dir='ltr'>Gradivus</span> <span class='ocrx_word' id='word_1_104' title='bbox 1382 1436 1448 1488; x_wconf 89' lang='lat' dir='ltr'>ab</span> <span class='ocrx_word' id='word_1_105' title='bbox 1490 1455 1587 1490; x_wconf 83' lang='lat' dir='ltr'>axe</span> 
     </span>
     <span class='ocr_line' id='line_1_19' title="bbox 175 1506 1461 1578; baseline 0.003 -20"><span class='ocrx_word' id='word_1_106' title='bbox 175 1506 441 1576; x_wconf 88' lang='lat' dir='ltr'>Deposito</span> <span class='ocrx_word' id='word_1_107' title='bbox 481 1508 629 1560; x_wconf 85' lang='lat' dir='ltr'>mitis</span> <span class='ocrx_word' id='word_1_108' title='bbox 670 1508 840 1578; x_wconf 90' lang='lat' dir='ltr'>clipeo</span> <span class='ocrx_word' id='word_1_109' title='bbox 882 1509 1233 1562; x_wconf 90' lang='lat' dir='ltr'>candentibus</span> <span class='ocrx_word' id='word_1_110' title='bbox 1271 1510 1461 1563; x_wconf 87' lang='lat' dir='ltr'>urbem</span> 
     </span>
     <span class='ocr_line' id='line_1_20' title="bbox 177 1579 1881 1653; baseline 0.004 -20"><span class='ocrx_word' id='word_1_111' title='bbox 177 1579 488 1652; x_wconf 82' lang='lat' dir='ltr'>Ingreditur</span> <span class='ocrx_word' id='word_1_112' title='bbox 526 1582 804 1635; x_wconf 86' lang='lat' dir='ltr'>trabeatus</span> <span class='ocrx_word' id='word_1_113' title='bbox 845 1583 1019 1653; x_wconf 81' lang='lat' dir='ltr'>equis3</span> <span class='ocrx_word' id='word_1_114' title='bbox 1060 1584 1299 1652; x_wconf 86' lang='lat' dir='ltr'>spatiosa</span> <span class='ocrx_word' id='word_1_115' title='bbox 1340 1584 1594 1647; x_wconf 83' lang='lat' dir='ltr'>Quirinus</span> <span class='ocrx_word' id='word_1_116' title='bbox 1794 1601 1881 1640; x_wconf 86' lang='lat'>370</span> 
     </span>
     <span class='ocr_line' id='line_1_21' title="bbox 176 1655 1690 1728; baseline 0.003 -20"><span class='ocrx_word' id='word_1_117' title='bbox 176 1655 352 1708; x_wconf 84' lang='lat' dir='ltr'>Frena</span> <span class='ocrx_word' id='word_1_118' title='bbox 390 1656 532 1728; x_wconf 91' lang='lat' dir='ltr'>regit</span> <span class='ocrx_word' id='word_1_119' title='bbox 572 1674 892 1725; x_wconf 88' lang='lat' dir='ltr'>currumque</span> <span class='ocrx_word' id='word_1_120' title='bbox 931 1657 1102 1726; x_wconf 90' lang='lat' dir='ltr'>patris</span> <span class='ocrx_word' id='word_1_121' title='bbox 1141 1657 1368 1710; x_wconf 86' lang='lat' dir='ltr'>Bellona</span> <span class='ocrx_word' id='word_1_122' title='bbox 1408 1663 1690 1712; x_wconf 88' lang='lat' dir='ltr'>cruentum</span> 
     </span>
     <span class='ocr_line' id='line_1_22' title="bbox 178 1730 1527 1801; baseline 0.003 -19"><span class='ocrx_word' id='word_1_123' title='bbox 178 1730 402 1782; x_wconf 89' lang='lat' dir='ltr'>Ditibus</span> <span class='ocrx_word' id='word_1_124' title='bbox 442 1731 648 1783; x_wconf 84' lang='lat' dir='ltr'>exuviis</span> <span class='ocrx_word' id='word_1_125' title='bbox 687 1731 912 1784; x_wconf 90' lang='lat' dir='ltr'>tendens</span> <span class='ocrx_word' id='word_1_126' title='bbox 952 1732 1019 1784; x_wconf 88' lang='lat' dir='ltr'>ad</span> <span class='ocrx_word' id='word_1_127' title='bbox 1059 1731 1231 1784; x_wconf 87' lang='lat' dir='ltr'>sidera</span> <span class='ocrx_word' id='word_1_128' title='bbox 1271 1751 1527 1801; x_wconf 90' lang='lat' dir='ltr'>quercum</span> 
     </span>
     <span class='ocr_line' id='line_1_23' title="bbox 176 1804 1611 1875; baseline 0.003 -19"><span class='ocrx_word' id='word_1_129' title='bbox 176 1804 478 1875; x_wconf 78' lang='lat' dir='ltr'>Praecedit,</span> <span class='ocrx_word' id='word_1_130' title='bbox 516 1805 782 1874; x_wconf 88' lang='lat' dir='ltr'>lictorque</span> <span class='ocrx_word' id='word_1_131' title='bbox 821 1805 1001 1859; x_wconf 86' lang='lat' dir='ltr'>Metus</span> <span class='ocrx_word' id='word_1_132' title='bbox 1042 1824 1163 1858; x_wconf 92' lang='lat' dir='ltr'>cum</span> <span class='ocrx_word' id='word_1_133' title='bbox 1201 1806 1368 1860; x_wconf 85' lang='lat' dir='ltr'>fratre</span> <span class='ocrx_word' id='word_1_134' title='bbox 1406 1807 1611 1861; x_wconf 84' lang='lat' dir='ltr'>Pavore</span> 
     </span>
     <span class='ocr_line' id='line_1_24' title="bbox 180 1878 1418 1934; baseline 0.004 -5"><span class='ocrx_word' id='word_1_135' title='bbox 180 1878 421 1930; x_wconf 85' lang='lat' dir='ltr'>Barbara</span> <span class='ocrx_word' id='word_1_136' title='bbox 460 1879 674 1931; x_wconf 84' lang='lat' dir='ltr'>ferratis</span> <span class='ocrx_word' id='word_1_137' title='bbox 712 1880 995 1933; x_wconf 89' lang='lat' dir='ltr'>innectunt</span> <span class='ocrx_word' id='word_1_138' title='bbox 1036 1881 1175 1933; x_wconf 91' lang='lat' dir='ltr'>colla</span> <span class='ocrx_word' id='word_1_139' title='bbox 1215 1882 1418 1934; x_wconf 89' lang='lat' dir='ltr'>catenis</span> 
     </span>
     <span class='ocr_line' id='line_1_25' title="bbox 179 1952 1881 2027; baseline 0.004 -23"><span class='ocrx_word' id='word_1_140' title='bbox 179 1952 363 2005; x_wconf 86' lang='lat' dir='ltr'>Velati</span> <span class='ocrx_word' id='word_1_141' title='bbox 403 1952 584 2023; x_wconf 89' lang='lat' dir='ltr'>galeas</span> <span class='ocrx_word' id='word_1_142' title='bbox 623 1953 799 2023; x_wconf 91' lang='lat' dir='ltr'>lauro,</span> <span class='ocrx_word' id='word_1_143' title='bbox 838 1955 1167 2023; x_wconf 91' lang='lat' dir='ltr'>propiusque</span> <span class='ocrx_word' id='word_1_144' title='bbox 1206 1955 1414 2027; x_wconf 89' lang='lat' dir='ltr'>iugales</span> <span class='ocrx_word' id='word_1_145' title='bbox 1794 1972 1881 2012; x_wconf 78' lang='lat'>375</span> 
     </span>
     <span class='ocr_line' id='line_1_26' title="bbox 180 2025 1558 2097; baseline 0.003 -18"><span class='ocrx_word' id='word_1_146' title='bbox 180 2025 435 2079; x_wconf 86' lang='lat' dir='ltr'>Formido</span> <span class='ocrx_word' id='word_1_147' title='bbox 475 2027 750 2097; x_wconf 90' lang='lat' dir='ltr'>ingentem</span> <span class='ocrx_word' id='word_1_148' title='bbox 788 2028 967 2080; x_wconf 87' lang='lat' dir='ltr'>vibrat</span> <span class='ocrx_word' id='word_1_149' title='bbox 1007 2029 1278 2081; x_wconf 89' lang='lat' dir='ltr'>succincta</span> <span class='ocrx_word' id='word_1_150' title='bbox 1318 2031 1558 2083; x_wconf 89' lang='lat' dir='ltr'>securim.</span> 
     </span>
     <span class='ocr_line' id='line_1_27' title="bbox 294 2100 1634 2172; baseline 0.004 -20"><span class='ocrx_word' id='word_1_151' title='bbox 294 2100 448 2153; x_wconf 85' lang='lat' dir='ltr'>Vidit</span> <span class='ocrx_word' id='word_1_152' title='bbox 486 2104 548 2153; x_wconf 89' lang='lat' dir='ltr'>ut</span> <span class='ocrx_word' id='word_1_153' title='bbox 589 2104 776 2170; x_wconf 90' lang='lat' dir='ltr'>optato</span> <span class='ocrx_word' id='word_1_154' title='bbox 818 2120 873 2153; x_wconf 91' lang='lat' dir='ltr'>se</span> <span class='ocrx_word' id='word_1_155' title='bbox 914 2102 1133 2154; x_wconf 86' lang='lat' dir='ltr'>consule</span> <span class='ocrx_word' id='word_1_156' title='bbox 1171 2102 1345 2155; x_wconf 87' lang='lat' dir='ltr'>Roma</span> <span class='ocrx_word' id='word_1_157' title='bbox 1382 2104 1634 2172; x_wconf 84' lang='lat' dir='ltr'>potitam:</span> 
     </span>
     <span class='ocr_line' id='line_1_28' title="bbox 184 2174 1528 2247; baseline 0.001 -19"><span class='ocrx_word' id='word_1_158' title='bbox 184 2174 399 2228; x_wconf 61' lang='lat' dir='ltr'>‘Nunc’</span> <span class='ocrx_word' id='word_1_159' title='bbox 440 2175 516 2227; x_wconf 92' lang='lat' dir='ltr'>ait</span> <span class='ocrx_word' id='word_1_160' title='bbox 557 2175 759 2244; x_wconf 71' lang='lat' dir='ltr'>‘Elysii</span> <span class='ocrx_word' id='word_1_161' title='bbox 797 2176 949 2228; x_wconf 90' lang='lat' dir='ltr'>lucos</span> <span class='ocrx_word' id='word_1_162' title='bbox 987 2176 1292 2245; x_wconf 86' lang='lat' dir='ltr'>inrumpere</span> <span class='ocrx_word' id='word_1_163' title='bbox 1332 2179 1528 2247; x_wconf 89' lang='lat' dir='ltr'>campi,</span> 
     </span>
     <span class='ocr_line' id='line_1_29' title="bbox 184 2249 1488 2319; baseline 0.001 -16"><span class='ocrx_word' id='word_1_164' title='bbox 184 2249 345 2303; x_wconf 89' lang='lat' dir='ltr'>Nunc</span> <span class='ocrx_word' id='word_1_165' title='bbox 384 2249 540 2319; x_wconf 89' lang='lat' dir='ltr'>libet,</span> <span class='ocrx_word' id='word_1_166' title='bbox 579 2253 640 2301; x_wconf 93' lang='lat' dir='ltr'>ut</span> <span class='ocrx_word' id='word_1_167' title='bbox 680 2250 820 2302; x_wconf 90' lang='lat' dir='ltr'>tanti</span> <span class='ocrx_word' id='word_1_168' title='bbox 863 2249 1038 2302; x_wconf 87' lang='lat' dir='ltr'>Curiis</span> <span class='ocrx_word' id='word_1_169' title='bbox 1077 2250 1335 2303; x_wconf 84' lang='lat' dir='ltr'>miracula</span> <span class='ocrx_word' id='word_1_170' title='bbox 1373 2252 1488 2304; x_wconf 83' lang='lat' dir='ltr'>voti</span> 
     </span>
     <span class='ocr_line' id='line_1_30' title="bbox 182 2323 1884 2395; baseline 0.003 -19"><span class='ocrx_word' id='word_1_171' title='bbox 182 2323 554 2392; x_wconf 87' lang='lat' dir='ltr'>Fabriciisque</span> <span class='ocrx_word' id='word_1_172' title='bbox 594 2323 784 2395; x_wconf 83' lang='lat' dir='ltr'>feram,</span> <span class='ocrx_word' id='word_1_173' title='bbox 823 2324 997 2377; x_wconf 78' lang='lat' dir='ltr'>famae</span> <span class='ocrx_word' id='word_1_174' title='bbox 1038 2325 1130 2393; x_wconf 80' lang='lat' dir='ltr'>qui</span> <span class='ocrx_word' id='word_1_175' title='bbox 1168 2325 1387 2378; x_wconf 81' lang='lat' dir='ltr'>vulnere</span> <span class='ocrx_word' id='word_1_176' title='bbox 1425 2345 1596 2395; x_wconf 87' lang='lat' dir='ltr'>nuper</span> <span class='ocrx_word' id='word_1_177' title='bbox 1796 2342 1884 2381; x_wconf 87' lang='lat'>380</span> 
     </span>
     <span class='ocr_line' id='line_1_31' title="bbox 187 2397 1525 2470; baseline 0.001 -20"><span class='ocrx_word' id='word_1_178' title='bbox 187 2397 461 2451; x_wconf 81' lang='lat' dir='ltr'>Calcatam</span> <span class='ocrx_word' id='word_1_179' title='bbox 499 2399 690 2454; x_wconf 83' lang='lat' dir='ltr'>flevere</span> <span class='ocrx_word' id='word_1_180' title='bbox 729 2402 936 2470; x_wconf 89' lang='lat' dir='ltr'>togam:</span> <span class='ocrx_word' id='word_1_181' title='bbox 976 2399 1084 2451; x_wconf 91' lang='lat' dir='ltr'>iam</span> <span class='ocrx_word' id='word_1_182' title='bbox 1122 2402 1277 2468; x_wconf 88' lang='lat' dir='ltr'>prata</span> <span class='ocrx_word' id='word_1_183' title='bbox 1317 2400 1525 2452; x_wconf 88' lang='lat' dir='ltr'>choreis</span> 
     </span>
     <span class='ocr_line' id='line_1_32' title="bbox 183 2472 1546 2544; baseline 0.001 -20"><span class='ocrx_word' id='word_1_184' title='bbox 183 2472 412 2524; x_wconf 87' lang='lat' dir='ltr'>Pulsent</span> <span class='ocrx_word' id='word_1_185' title='bbox 449 2491 548 2525; x_wconf 94' lang='lat' dir='ltr'>nec</span> <span class='ocrx_word' id='word_1_186' title='bbox 586 2473 790 2544; x_wconf 89' lang='lat' dir='ltr'>rigidos</span> <span class='ocrx_word' id='word_1_187' title='bbox 829 2473 1028 2542; x_wconf 89' lang='lat' dir='ltr'>pudeat</span> <span class='ocrx_word' id='word_1_188' title='bbox 1067 2473 1260 2526; x_wconf 88' lang='lat' dir='ltr'>lusisse</span> <span class='ocrx_word' id='word_1_189' title='bbox 1302 2473 1546 2527; x_wconf 78' lang='lat' dir='ltr'>Catones</span> 
     </span>
     <span class='ocr_line' id='line_1_33' title="bbox 184 2545 1631 2617; baseline 0.002 -19"><span class='ocrx_word' id='word_1_190' title='bbox 184 2545 389 2598; x_wconf 84' lang='lat' dir='ltr'>Audiat</span> <span class='ocrx_word' id='word_1_191' title='bbox 427 2547 531 2599; x_wconf 93' lang='lat' dir='ltr'>hoc</span> <span class='ocrx_word' id='word_1_192' title='bbox 571 2547 749 2600; x_wconf 89' lang='lat' dir='ltr'>senior</span> <span class='ocrx_word' id='word_1_193' title='bbox 786 2547 990 2600; x_wconf 89' lang='lat' dir='ltr'>Brutus</span> <span class='ocrx_word' id='word_1_194' title='bbox 1028 2548 1331 2617; x_wconf 90' lang='lat' dir='ltr'>Poenisque</span> <span class='ocrx_word' id='word_1_195' title='bbox 1369 2549 1631 2601; x_wconf 85' lang='lat' dir='ltr'>tremendi</span> 
     </span>
     <span class='ocr_line' id='line_1_34' title="bbox 190 2620 1652 2692; baseline 0.003 -21"><span class='ocrx_word' id='word_1_196' title='bbox 190 2620 489 2691; x_wconf 72' lang='lat' dir='ltr'>Scipiadae,</span> <span class='ocrx_word' id='word_1_197' title='bbox 528 2622 757 2692; x_wconf 87' lang='lat' dir='ltr'>geminis</span> <span class='ocrx_word' id='word_1_198' title='bbox 796 2622 1014 2675; x_wconf 89' lang='lat' dir='ltr'>tandem</span> <span class='ocrx_word' id='word_1_199' title='bbox 1054 2622 1198 2690; x_wconf 88' lang='lat' dir='ltr'>quod</span> <span class='ocrx_word' id='word_1_200' title='bbox 1235 2623 1406 2675; x_wconf 89' lang='lat' dir='ltr'>libera</span> <span class='ocrx_word' id='word_1_201' title='bbox 1445 2623 1652 2676; x_wconf 84' lang='lat' dir='ltr'>damnis</span> 
     </span>
     <span class='ocr_line' id='line_1_35' title="bbox 187 2693 1886 2766; baseline 0.004 -20"><span class='ocrx_word' id='word_1_202' title='bbox 187 2693 364 2745; x_wconf 87' lang='lat' dir='ltr'>Vnius</span> <span class='ocrx_word' id='word_1_203' title='bbox 404 2695 602 2747; x_wconf 80' lang='lat' dir='ltr'>auxilio</span> <span class='ocrx_word' id='word_1_204' title='bbox 642 2696 815 2749; x_wconf 83' lang='lat' dir='ltr'>fasces</span> <span class='ocrx_word' id='word_1_205' title='bbox 852 2696 1188 2766; x_wconf 84' lang='lat' dir='ltr'>Libyamque</span> <span class='ocrx_word' id='word_1_206' title='bbox 1226 2697 1415 2766; x_wconf 89' lang='lat' dir='ltr'>recepi.</span> <span class='ocrx_word' id='word_1_207' title='bbox 1798 2712 1886 2752; x_wconf 84' lang='lat'>385</span> 
     </span>
     <span class='ocr_line' id='line_1_36' title="bbox 192 2766 1736 2842; baseline 0.005 -24"><span class='ocrx_word' id='word_1_208' title='bbox 192 2766 348 2833; x_wconf 76' lang='lat' dir='ltr'>Quod</span> <span class='ocrx_word' id='word_1_209' title='bbox 387 2773 628 2837; x_wconf 90' lang='lat' dir='ltr'>superest</span> <span class='ocrx_word' id='word_1_210' title='bbox 666 2789 835 2823; x_wconf 89' lang='lat' dir='ltr'>unum</span> <span class='ocrx_word' id='word_1_211' title='bbox 872 2771 1144 2840; x_wconf 77' lang='lat' dir='ltr'>precibUS,</span> <span class='ocrx_word' id='word_1_212' title='bbox 1191 2770 1484 2824; x_wconf 82' lang='lat' dir='ltr'>fortissime</span> <span class='ocrx_word' id='word_1_213' title='bbox 1525 2773 1736 2842; x_wconf 90' lang='lat' dir='ltr'>consul,</span> 
     </span>
     <span class='ocr_line' id='line_1_37' title="bbox 190 2840 1579 2916; baseline 0.004 -24"><span class='ocrx_word' id='word_1_214' title='bbox 190 2840 343 2893; x_wconf 86' lang='lat' dir='ltr'>Adde</span> <span class='ocrx_word' id='word_1_215' title='bbox 381 2843 514 2894; x_wconf 91' lang='lat' dir='ltr'>meis</span> <span class='ocrx_word' id='word_1_216' title='bbox 522 2887 536 2914; x_wconf 94' lang='lat'>,</span> <span class='ocrx_word' id='word_1_217' title='bbox 574 2845 802 2913; x_wconf 90' lang='lat' dir='ltr'>urbique</span> <span class='ocrx_word' id='word_1_218' title='bbox 842 2848 997 2897; x_wconf 91' lang='lat' dir='ltr'>tuum</span> <span class='ocrx_word' id='word_1_219' title='bbox 1036 2844 1233 2915; x_wconf 88' lang='lat' dir='ltr'>largire</span> <span class='ocrx_word' id='word_1_220' title='bbox 1271 2864 1579 2916; x_wconf 84' lang='lat' dir='ltr'>parumper,</span> 
     </span>
     <span class='ocr_line' id='line_1_38' title="bbox 193 2914 1810 2990; baseline 0.004 -24"><span class='ocrx_word' id='word_1_221' title='bbox 193 2914 364 2977; x_wconf 85' lang='lat' dir='ltr'>Quem</span> <span class='ocrx_word' id='word_1_222' title='bbox 402 2920 581 2988; x_wconf 88' lang='lat' dir='ltr'>rogat,</span> <span class='ocrx_word' id='word_1_223' title='bbox 621 2918 928 2971; x_wconf 82' lang='lat' dir='ltr'>adventum:</span> <span class='ocrx_word' id='word_1_224' title='bbox 971 2937 1132 2988; x_wconf 88' lang='lat' dir='ltr'>quam</span> <span class='ocrx_word' id='word_1_225' title='bbox 1171 2922 1232 2972; x_wconf 91' lang='lat' dir='ltr'>tu</span> <span class='ocrx_word' id='word_1_226' title='bbox 1271 2920 1522 2990; x_wconf 88' lang='lat' dir='ltr'>beHoque</span> <span class='ocrx_word' id='word_1_227' title='bbox 1562 2920 1810 2990; x_wconf 85' lang='lat' dir='ltr'>fameque</span> 
     </span>
     <span class='ocr_line' id='line_1_39' title="bbox 283 3009 1527 3056; baseline 0.007 -15"><span class='ocrx_word' id='word_1_228' title='bbox 283 3009 517 3049; x_wconf 48' lang='lat' dir='ltr'>Caunum</span> <span class='ocrx_word' id='word_1_229' title='bbox 541 3013 652 3056; x_wconf 81' lang='lat' dir='ltr'>OPP.‚</span> <span class='ocrx_word' id='word_1_230' title='bbox 677 3015 733 3047; x_wconf 80' lang='lat' dir='ltr'>ed.</span> <span class='ocrx_word' id='word_1_231' title='bbox 758 3014 903 3048; x_wconf 86' lang='lat' dir='ltr'>Koch.</span> <span class='ocrx_word' id='word_1_232' title='bbox 1475 3012 1527 3050; x_wconf 85' lang='lat' dir='ltr'>ll</span> 
     </span>
    </p>
   </div>
  </div>
 </body>
</html>
