2044 3220
367 653 639 712 SERIES
688 652 1117 712 CARMINUM
1163 652 1403 710 HUIUS
1450 651 1856 710 EDITIONIS

467 766 795 821 NUMERIS
837 764 1325 820 GESNER-IANIS
1365 764 1752 819 ADPOSITIS.

271 1015 585 1071 Panegyricus
617 1014 808 1058 Probini
841 1016 889 1057 et
922 1013 1100 1070 Olybrii
1164 1049 1648 1059 .........
1935 1014 1955 1056 Ι

268 1075 322 1117 In
352 1074 570 1117 Rufinum
599 1075 621 1117 Ι
653 1072 790 1129 praef
790 1107 1650 1118 ................
1913 1073 1956 1117 II

268 1134 321 1176 In
353 1133 571 1175 Rufinum
602 1134 621 1175 I
692 1165 1472 1177 ..............
1505 1167 1530 1176 ».
1580 1167 1588 1176 .
1640 1167 1649 1177 .
1891 1132 1956 1175 III

269 1193 322 1235 In
353 1191 571 1234 Rufinum
602 1190 644 1233 II
675 1189 813 1246 praef
812 1225 1650 1235 ...............
1891 1191 1956 1234 IV
2043 1239 2044 1242 Ἴ

269 1251 322 1293 In
353 1249 571 1293 Rufinum
602 1250 645 1292 II
694 1284 1650 1294 .................
1913 1249 1956 1293 V

271 1309 456 1352 Bellum
488 1307 789 1352 Gildonicum
822 1307 840 1349 I
876 1341 1655 1353 ..............
1872 1307 1958 1352 XV

270 1369 324 1410 In
355 1367 632 1423 Eutropium
664 1367 684 1409 I
755 1400 1654 1412 ................
1808 1367 1958 1410 XVIII

270 1427 323 1469 In
355 1426 634 1482 Eutropium
666 1426 707 1468 ΙΙ
738 1425 876 1480 praef
875 1460 1650 1470 ..............
1849 1425 1957 1469 ΧΙΧ

271 1486 324 1528 In
355 1485 634 1541 Eutropium
665 1484 706 1526 II
753 1519 1652 1529 ................
1872 1484 1958 1528 XX

273 1544 563 1588 Fescennina
595 1544 652 1587 de
683 1542 864 1599 nuptiis
897 1541 1092 1586 Honorii
1123 1542 1144 1584 I
1170 1578 1650 1588 .........
1893 1544 1958 1587 XI

270 1602 562 1647 Fescennina
592 1603 636 1645 II
688 1636 1650 1647 .................
1870 1602 1956 1645 XII

270 1661 559 1706 Fescennina
589 1661 654 1704 III
695 1693 1650 1706 .................
1843 1661 1955 1705 XIII

270 1719 560 1764 Fescennina
589 1720 653 1763 IV
692 1753 1645 1764 .................
1846 1719 1953 1763 XIV

271 1779 579 1835 Epithalamii
612 1779 668 1821 de
699 1777 876 1834 nuptiis
908 1777 1102 1821 Honorii
1133 1777 1277 1832 praef.
1342 1812 1646 1823 ......
1889 1779 1953 1823 ΙΧ

272 1837 643 1894 Epithalamium
675 1837 732 1880 cle
763 1835 941 1891 nuptiis
973 1836 1168 1879 Honorii
1224 1871 1646 1882 ........
1910 1838 1953 1880 Χ

272 1897 340 1940 De
372 1896 514 1940 tertio
547 1896 791 1939 consulatu
821 1894 1018 1939 Honorii
1047 1895 1186 1951 praef
1185 1930 1646 1941 .........
1895 1897 1959 1939 VI

274 1957 342 1999 De
374 1956 516 1998 tertio
549 1954 795 1998 consulatu
825 1953 1022 1997 Honorii
1048 1988 1652 2000 ...........
1871 1954 1958 1998 VII

273 2016 340 2058 De
374 2015 539 2070 quarto
572 2013 818 2057 consulatu
849 2011 1043 2056 Honorii
1107 2047 1652 2058 ..........
1850 2013 1959 2057 VIII

274 2072 552 2129 Panegyrici
582 2072 748 2115 Manlii
779 2071 1010 2115 Theodori
1041 2071 1180 2127 praef
1179 2107 1650 2118 .........
1850 2072 1958 2116 XVI

274 2131 589 2188 Panegyricus
621 2131 787 2174 Manlii
819 2130 1054 2175 Theodori
1110 2166 1650 2176 ..........
1830 2131 1960 2175 XVII

274 2191 342 2234 De
376 2190 621 2234 consulatu
654 2189 926 2233 Stilichonis
960 2189 979 2231 1
991 2225 1649 2235 ............
1852 2190 1959 2234 XXI

274 2250 341 2293 De
375 2249 623 2293 consulatu
655 2248 928 2293 Stilichonis
960 2248 1003 2290 II
1050 2284 1652 2294 ...........
1831 2249 1960 2292 XXII

275 2309 343 2352 Dc
376 2308 623 2352 consulatu
657 2307 927 2351 Stilichonis
960 2307 1023 2349 III
1053 2307 1192 2363 praef
1191 2343 1655 2353 .........
1810 2307 1962 2351 XXIII

275 2368 343 2411 De
376 2367 622 2411 consulatu
655 2365 926 2410 Stilichonis
957 2365 1021 2409 III
1055 2401 1654 2412 ...........
1809 2366 1960 2410 XXIV

276 2426 344 2469 De
378 2428 508 2469 sexto
542 2426 787 2469 consulatu
817 2424 1013 2468 Honorii
1045 2425 1178 2480 praef
1179 2460 1654 2470 .........
1785 2425 1959 2469 XXVII

275 2484 343 2528 De
377 2487 505 2528 sexto
539 2485 784 2528 consulatu
814 2482 1009 2527 Honorii
1053 2519 1653 2529 ...........
1764 2483 1960 2527 XXVIII

276 2543 344 2586 De
375 2543 501 2587 bello
533 2542 733 2587 Gothico
764 2543 902 2599 praef
902 2577 1655 2588 ..............
1830 2542 1960 2586 XXV

275 2601 344 2644 De
377 2601 500 2646 bello
534 2601 732 2646 Gothico
759 2636 1652 2647 ................
1810 2600 1959 2644 XXVI

277 2675 314 2703 c.
348 2675 408 2703 m.
441 2662 481 2705 I:
516 2661 586 2704 Ad
620 2660 924 2704 Stilichonem
991 2695 1652 2706 ............
1852 2659 1960 2703 XIII

278 2733 314 2763 c.
347 2734 407 2763 m.
442 2719 503 2763 II:
537 2718 801 2775 Descriptio
832 2720 995 2775 portus
1025 2718 1316 2775 Smyrnensis
1352 2753 1655 2763 ......
1750 2717 1960 2762 LXXXV

278 2792 316 2822 c.
350 2793 409 2821 m.
444 2777 530 2821 III:
564 2777 638 2819 Ad
668 2778 968 2821 Aeternalem
993 2811 1655 2823 ............
1772 2776 1961 2820 LXXXI

279 2851 316 2881 c.
350 2851 409 2879 m.
442 2835 526 2879 IV:
560 2835 823 2892 Descriptio
857 2835 1055 2880 armenti
1111 2871 1653 2882 ..........
1858 2835 1961 2879 LIV

280 2910 318 2940 c.
351 2910 411 2938 m.
444 2895 508 2940 V:
541 2893 627 2937 Est
658 2894 706 2938 in
739 2897 990 2951 conspectu
1021 2894 1051 2939 1.
1084 2894 1100 2937 l
1106 2928 1655 2940 ..........
1726 2893 1961 2939 LXXXVI
