2085 3215
209 167 279 218 70
741 163 988 208 CLAVDII
1020 162 1351 208 CLAVDIANI

683 348 788 406 IN
839 346 1424 429 EVTRQPIVM

752 482 953 530 LIBER
996 481 1356 530 SECVNDVS.

980 578 1127 633 (XX.)

316 670 597 742 Mygdonii
637 670 839 722 cineres
880 673 931 721 et
973 670 1018 721 si
1059 669 1187 736 quid
1224 673 1393 721 restat
1431 669 1559 739 Eoi,

207 746 362 808 Quod
400 748 608 814 pereat,
647 744 821 814 regni:
864 747 1004 795 certe
1043 761 1154 795 non
1193 762 1393 813 augure
1433 744 1572 796 falso

203 820 447 890 Prodigii
486 822 706 888 patuere
745 818 942 887 minae,
982 817 1288 885 frustraque
1328 822 1544 885 peracto

204 894 443 946 Vuhiere
483 892 814 945 monstriferi
853 892 1132 961 praesagia
1173 891 1378 943 discitis
1419 893 1558 944 anni.

208 967 430 1020 Cautior
470 971 593 1019 ante
632 970 812 1018 tamen
850 966 1148 1017 violentum
1185 965 1368 1017 navita
1411 965 1644 1018 Caurum

205 1042 475 1110 Prospicit
517 1045 568 1093 et
607 1040 842 1092 tumidae
884 1040 1133 1091 subducit
1173 1040 1289 1091 vela
1329 1041 1609 1107 procellae.

208 1116 348 1178 Quid
385 1116 535 1167 iuvat
576 1133 810 1166 errorem
848 1132 1023 1166 mersa
1061 1114 1169 1165 iam
1207 1132 1385 1182 puppe
1426 1114 1621 1166 fateri?

208 1190 348 1252 Quid
387 1189 637 1241 lacrimae
679 1188 871 1240 delicta
911 1188 1132 1239 levant?
1211 1187 1369 1239 Stant
1411 1188 1587 1240 omina
1627 1189 1793 1241 vestri

209 1263 484 1316 Consulis:
524 1263 746 1314 inmotis
785 1262 1003 1314 haesere
1043 1262 1254 1330 piacula
1294 1262 1435 1314 fatis

207 1338 357 1390 Timc
398 1337 575 1389 decuit
616 1337 813 1388 sentire
853 1336 1028 1406 nefas7
1067 1340 1197 1388 tunc
1235 1336 1312 1387 ire
1352 1340 1591 1388 recentes

205 1412 495 1464 Detersum
533 1411 786 1462 maculas
864 1410 1049 1462 Veteri
1086 1413 1212 1478 post
1253 1410 1446 1462 obruta
1485 1411 1676 1462 morbo

210 1486 449 1555 Corpora
486 1485 750 1537 Paeonias
789 1485 1116 1552 nequiquam
1157 1484 1455 1536 admoveris
1494 1484 1703 1537 herbas

207 1561 403 1612 Vlcera
441 1560 706 1628 possessis
747 1560 853 1610 alte
895 1559 1097 1610 suffusa
1136 1558 1385 1610 medullis

208 1633 337 1687 Non
374 1634 574 1686 leviore
614 1652 799 1702 manu,
839 1633 981 1684 ferro
1024 1636 1282 1684 sanantur
1322 1636 1374 1684 et
1413 1633 1549 1702 igni,

207 1707 293 1761 Ne
331 1710 523 1760 noceat
563 1708 765 1758 frustra
804 1713 942 1758 mox⁴
970 1710 1224 1774 eruptura
1269 1706 1502 1757 cicatrix.

208 1782 297 1835 Ad
334 1782 517 1834 vivum
555 1784 839 1849 penetrant
878 1781 1148 1849 flammae,
1190 1798 1294 1848 quo
1336 1780 1578 1832 funditus
1618 1799 1775 1833 umor

209 1857 428 1909 Defluat
469 1859 521 1907 et
559 1855 741 1907 vacuis
783 1858 1035 1922 corrupto
1077 1855 1335 1924 sanguine
1375 1854 1524 1905 venis

212 1931 438 1982 Arescat
477 1930 600 1982 fons
639 1930 754 1997 ipse
793 1929 943 1998 mali3
983 1932 1266 1981 truncatur
1306 1931 1358 1980 et
1399 1932 1571 1997 artuS‚

211 2004 289 2056 Vt
327 2004 487 2056 liceat
526 2003 747 2070 reliquis
789 2021 1033 2054 securum
1073 2003 1262 2072 degere
1302 2002 1577 2054 membris.-

212 2078 289 2130 At
328 2097 424 2129 vos
465 2077 676 2148 egregie
716 2080 1002 2148 purgatam
1044 2077 1258 2128 creditis
1299 2077 1498 2146 aulam,

213 2152 540 2220 Eutropium
581 2152 626 2203 si
669 2151 877 2220 Cyprus
916 2151 1080 2202 habet
1118 2151 1458 2218 vindictaque
1501 2149 1686 2202 mundi

215 2226 444 2279 Semivir
484 2226 608 2278 exul
648 2226 761 2277 erit.
842 2225 944 2288 Qui·
983 2244 1080 2277 vos
1119 2226 1349 2276 lustrare
1388 2223 1589 2276 valebit

218 2299 497 2352 Oceanus?
536 2304 749 2351 tantum
788 2300 996 2351 facinus
1038 2317 1172 2367 quae
1213 2299 1380 2350 diluet
1420 2298 1604 2350 aetas?

329 2373 582 2426 Induerat
620 2374 846 2425 necdum
884 2374 1124 2425 trabeas:
1163 2373 1404 2442 mugitus
1444 2372 1510 2423 ab
1551 2390 1647 2424 axe

217 2448 478 2500 Redditus
517 2448 754 2517 inferno,
793 2447 969 2498 rabies
1009 2466 1200 2499 arcana
1241 2464 1492 2498 cavernas

217 2521 413 2575 Vibrat
453 2526 506 2574 et
545 2522 753 2574 alterno
795 2522 1092 2591 confligunt
1132 2521 1364 2572 culmina
1404 2520 1571 2586 lapsu.

218 2595 520 2648 Bacchatus
558 2615 654 2664 per
694 2599 879 2664 operta-
917 2599 1118 2646 tremor
1159 2593 1493 2645 Calchedona
1531 2593 1701 2644 movit

216 2668 428 2721 Pronus
469 2675 520 2722 et
559 2671 617 2721 in
655 2670 895 2741 geminas
933 2669 1145 2720 nutavit
1183 2667 1497 2735 Bosphorus
1536 2667 1711 2718 urbes,

220 2742 546 2795 Concurrere
585 2744 711 2796 freti
748 2744 954 2810 fauceS,
993 2743 1168 2794 radice
1207 2741 1418 2793 revulsa

216 2816 410 2869 Vitant
447 2818 757 2870 instabilem
795 2837 887 2870 rur
890 2787 1007 2869 siim
1047 2814 1403 2885 Symplegada
1442 2818 1652 2866 nautae.

219 2890 434 2943 Scilicet
473 2891 603 2943 haec
643 2891 863 2962 Stygiae
902 2891 1255 2960 praemittunt
1297 2889 1449 2958 signa
1491 2906 1701 2939 sorores

217 2964 293 3017 Et
334 2965 437 3017 sibi
474 2966 582 3018 iam
621 2967 761 3019 tradi
799 2965 1030 3035 populos
1069 2964 1172 3016 hoc
1212 2963 1428 3015 consule
1467 2961 1717 3033 gaudent.

1851 1351 1906 1390 10

1853 1722 1906 1760 15

1852 2091 1909 2130 20

1852 2459 1908 2498 25

1852 2828 1980 2873 30,
