2044 3220
153 161 354 219 (XXIII.)
389 159 469 203 DE
495 159 662 205 CONS.
691 157 938 204 STILICH.
964 158 1149 202 LIBER
1174 157 1447 203 TERTIVS.
1475 157 1689 203 PRAEF.
1744 157 1850 210 165

151 294 242 348 Illi
280 298 407 364 post
445 295 612 347 lituos
650 293 856 363 pedites
896 292 1074 345 favere
1116 295 1327 346 canenti

224 369 595 437 Laudavitque
633 386 774 420 nova
815 366 970 419 caede
1013 372 1264 420 cruentus
1306 387 1481 437 eques

153 443 394 512 Cumque
433 442 790 512 triumpharet
830 441 1044 513 gemina
1085 441 1410 513 Carthagine
1449 443 1592 495 victa
1794 455 1848 495 15

227 518 407 590 (Hanc
445 517 639 570 vindex
677 516 820 585 patri
858 516 1082 585 vicerat,
1121 516 1260 568 hanc
1297 517 1550 587 patriae),

152 593 288 646 Cum
317 592 470 663 longi
506 591 736 660 Libyam
774 590 991 642 tandem
1028 594 1154 659 post
1194 591 1383 642 funera
1421 591 1551 642 belli

222 666 367 719 Ante
408 684 532 718 suas
570 668 831 717 maestam
871 668 1085 735 cogeret
1123 665 1201 716 ire
1241 668 1410 716 rotas:

146 741 382 794 Advexit
421 740 640 792 reduces
681 757 862 791 secum
898 738 1145 792 Victoria
1183 738 1369 791 Musas

221 816 296 868 Et
337 818 540 867 sertum
578 814 691 866 vati
730 813 928 866 Martia
967 813 1152 866 laurus
1193 817 1321 866 erat.
1791 826 1848 865 20

145 963 349 1018 Noster
389 962 662 1032 Scipiades
703 961 955 1032 Stilicho,
997 980 1103 1030 quo
1145 962 1377 1014 concidit
1417 962 1554 1014 alter

221 1038 498 1090 Hannibal
537 1038 761 1105 antiquo
804 1037 1012 1089 saevior
1049 1035 1377 1107 Hannibale,

147 1112 222 1165 Te
262 1112 398 1165 mihi
436 1115 563 1180 post
605 1112 824 1180 quintos
865 1129 1151 1181 annorum,
1189 1111 1387 1181 Roma,
1427 1129 1674 1164 recursus

218 1186 474 1240 Reddidit
514 1190 566 1238 et
605 1186 748 1238 votis
787 1186 948 1237 iussit
989 1185 1171 1237 adesse
1214 1186 1338 1238 suis

723 1441 929 1488 LIBER
970 1441 1269 1489 TERTIVS.

899 1538 1098 1594 (XXIV.)

146 1631 316 1694 Quem
354 1630 543 1700 populi
582 1630 800 1700 plausu,
839 1647 1122 1698 procerum
1162 1647 1320 1697 quem
1359 1647 1488 1681 voce
1527 1628 1772 1699 petebas,

145 1705 400 1776 Adspice,
439 1704 635 1775 Roma,
675 1705 864 1756 virum.
928 1702 1043 1755 Iam
1082 1707 1327 1772 tempora
1368 1703 1547 1755 desine
1587 1704 1781 1774 longae

144 1781 498 1832 Dinumerare
537 1780 654 1832 viae
693 1779 917 1847 visoque
958 1778 1246 1849 adsurgere
1288 1796 1496 1846 semper

145 1855 394 1907 Pulvere:
431 1872 545 1906 non
583 1854 761 1905 dubiis
800 1853 945 1904 ultra
983 1853 1303 1921 torquebere
1342 1853 1500 1905 votis,

146 1928 317 1980 Totus
358 1927 507 1979 adest
548 1927 717 1979 oculis
727 1971 741 1997 ,
781 1927 963 1980 aderat
1005 1927 1097 1995 qui
1135 1927 1408 1979 mentibus
1451 1927 1602 1997 olim,
1817 1940 1843 1979 5

147 2001 252 2072 Spe
292 2001 486 2072 maior,
524 2001 667 2053 fama
706 2001 909 2054 melior.
970 2000 1240 2053 Venerare
1281 2001 1541 2069 curulem,

148 2076 294 2140 Quae
333 2076 436 2128 tibi
475 2076 714 2127 restituit
754 2075 949 2144 fasces3
991 2075 1343 2143 complectere
1384 2075 1648 2144 dextram,

148 2150 260 2204 Sub
300 2151 428 2221 iuga
469 2168 604 2218 quae
641 2149 853 2202 Poenos
892 2149 1089 2201 iterum
1127 2149 1372 2200 Romana
1410 2149 1630 2219 redegit.

146 2225 350 2293 Excipe
390 2224 795 2294 magnanimum
833 2226 1043 2292 pectUS,
1085 2241 1190 2291 quo
1231 2223 1382 2274 frena
1421 2226 1684 2294 reguntur

144 2298 387 2369 Imperii,
428 2299 579 2351 cuius
617 2298 849 2350 libratur
889 2297 1136 2350 sensibus
1177 2297 1338 2349 orbis,
1788 2311 1842 2350 10

145 2372 219 2426 Os
259 2391 492 2443 sacrum,
533 2372 677 2441 quod
715 2373 773 2424 in
797 2391 929 2425 -aere
971 2372 1126 2441 coliS,
1164 2371 1377 2423 miraris
1416 2372 1475 2422 in
1513 2388 1666 2441 aurO,

145 2447 312 2500 Cerne
351 2447 552 2499 libens:
592 2447 680 2499 hic
721 2450 801 2499 est
841 2447 972 2499 felix
1011 2446 1244 2498 bellator
1282 2446 1505 2515 ubique,

140 2521 408 2574 Defensor
445 2521 671 2592 Libyae,
710 2521 888 2574 Rheni
926 2525 1149 2590 pacator
1189 2524 1241 2572 et
1279 2519 1470 2571 Histri.

256 2594 539 2649 Ostentare
581 2614 707 2648 suos
746 2596 924 2665 prisco
967 2596 1012 2648 si
1051 2613 1198 2647 more
1238 2594 1451 2646 labores

141 2669 216 2721 Et
255 2673 443 2740 gentes
483 2674 700 2739 cuperet
738 2671 903 2741 vulgo
943 2673 1244 2722 monstrare
1286 2668 1559 2738 subactaS,
1786 2683 1839 2721 15

145 2742 453 2796 Certassent
491 2748 722 2813 utroque
761 2763 916 2814 pares
957 2764 987 2796 a
1027 2744 1239 2796 cardine
1277 2742 1484 2795 laurus:

141 2816 290 2868 Haec
327 2816 753 2871 Alamannorum
794 2819 1005 2888 spoliiS,
1043 2817 1392 2870 Australibus
1430 2817 1526 2868 illa

142 2890 324 2943 Ditior
363 2892 590 2963 exuviis3
628 2893 780 2945 illinc
818 2894 1046 2945 flavente
1088 2891 1375 2962 Sygambri

146 2964 413 3036 Caesarie,
449 2966 621 3037 nigris
659 2967 785 3020 hinc
823 2967 1001 3020 Mauri
1042 2966 1278 3020 crinibus
1317 2966 1472 3017 irent.
