2044 3220
259 70 292 121 2
300 72 324 121 1
335 71 367 122 6
799 69 993 113 CLAVD
1002 70 1040 113 [I
1073 69 1142 115 CL
1150 70 1404 115 AVDIANI

924 261 1003 305 111.
1038 260 1278 318 (LXXXI.)

801 371 892 418 AD
933 371 1404 419 AETERNALEM.

264 468 533 536 Quidquid
576 467 811 521 Castalio
852 469 914 521 de
953 470 1165 540 gurgite
1204 469 1456 521 Phoebus
1496 471 1730 542 anhelat,

265 542 533 610 Quidquid
571 541 790 594 fatidico
831 544 1005 614 mugit
1046 544 1249 595 cortina
1290 561 1526 613 r‚ecessu

265 616 512 668 Carmina
553 619 700 686 sunt3
742 617 832 668 sed
870 617 1032 668 verba
1071 620 1271 686 negant
1312 588 1611 670 commu⁷nia
1649 618 1850 672 Musae.

265 689 512 742 Carmina
553 690 667 742 sola
705 690 919 758 loquor:
961 691 1035 742 sic
1074 709 1157 742 me
1196 708 1344 741 meus
1384 691 1572 760 implet
1611 691 1824 761 Apollo,

970 835 1048 879 IV.
1081 834 1240 893 (mv.)

731 944 1123 993 DESCRIPTIO
1165 945 1482 994 ARMENTI.

262 1044 390 1095 Non
429 1044 564 1094 tales
606 1042 874 1111 quondam
916 1044 1116 1110 species
1156 1043 1283 1095 tulit
1323 1048 1685 1098 armentorum

337 1116 518 1168 Tellus
558 1116 855 1186 tergemino
898 1117 1111 1168 subdita
1153 1116 1400 1185 Geryoni,

261 1190 388 1243 Non
425 1191 584 1260 taleS‚
626 1189 916 1259 Clitumne,
955 1190 1104 1242 lavas
1142 1190 1200 1242 in
1238 1192 1451 1261 gurgite
1491 1196 1698 1263 taurOS,

339 1264 565 1332 Tarpeio
606 1264 843 1316 referunt
885 1282 1019 1331 quos
1058 1264 1147 1332 pia
1186 1269 1311 1316 vota
1350 1264 1480 1318 Iovi.

260 1338 389 1390 Non
426 1338 552 1389 talis
592 1337 782 1406 Tyrias
823 1338 1080 1406 sparsisse
1120 1338 1374 1390 iuvencus
1413 1339 1640 1392 harenas
1923 1357 1951 1396 5

336 1412 571 1481 Dicitur,
612 1414 856 1480 optatum
897 1411 1108 1479 quando
1148 1412 1352 1464 revexit
1392 1431 1541 1466 onus,

261 1485 389 1539 Non
431 1485 683 1538 Cretaeus
724 1504 850 1556 ager
886 1504 983 1537 nec
1024 1486 1188 1538 amati
1229 1486 1440 1538 conscia
1478 1488 1620 1539 tauri

340 1559 550 1612 Gnoses
589 1578 686 1611 nec
726 1559 926 1611 similes
965 1560 1172 1628 paverit
1209 1559 1304 1611 Ida
1343 1560 1500 1613 feros,

261 1632 384 1702 Ipse
425 1638 477 1686 et
518 1633 796 1701 dispariles
836 1637 1078 1685 monstro
1120 1633 1435 1685 commissus
1474 1635 1531 1686 in
1570 1638 1718 1710 artus

341 1706 442 1769 Qui
484 1707 682 1759 crimen
720 1707 908 1758 matris
950 1707 1185 1759 condidit
1228 1725 1317 1759 ore
1354 1726 1494 1760 novo
1902 1725 1955 1764 10

273 1781 399 1833 Cres
439 1799 571 1850 puer
609 1781 753 1832 haud
792 1781 955 1832 talem
994 1781 1260 1849 potuisset
1300 1781 1516 1834 reddere
1556 1782 1806 1853 formam,

338 1855 653 1907 Portassent
692 1858 869 1906 totum
910 1854 954 1906 si
994 1855 1105 1906 fera
1145 1855 1384 1906 membia
1421 1859 1642 1924 patrem.

914 2000 969 2044 V.
1004 1999 1292 2055 (LXXXVI.)

508 2110 630 2157 EST
671 2111 746 2158 IN
785 2109 1173 2159 CONSPECTV
1211 2109 1437 2159 LONGE
1477 2110 1702 2160 LOOVS.

264 2209 367 2261 Est
405 2209 594 2277 procul
632 2208 839 2279 ingenti
879 2209 1026 2280 regio
1069 2212 1334 2260 summota
1373 2227 1606 2279 recessu,

265 2282 449 2334 Insula
490 2301 593 2352 qua
632 2283 831 2334 resides
870 2284 1065 2334 fluctus
1104 2283 1380 2334 mitescere
1421 2283 1566 2353 cogit

266 2356 331 2408 In
369 2357 592 2427 longum
630 2357 891 2424 producta
929 2357 1096 2426 latus
1136 2357 1440 2424 fractasque
1477 2375 1574 2425 per
1611 2357 1782 2409 undas

267 2430 451 2482 Ardua
490 2430 784 2498 tranquillo
827 2435 1115 2482 curvantur
1153 2430 1372 2482 brachia
1408 2434 1584 2498 portu

911 2575 989 2620 vi.
1022 2575 1310 2632 (1111111111.)

633 2660 920 2733 3111111111
960 2685 1187 2733 TELVM
1225 2684 1341 2733 IRA
1378 2683 1588 2733 FACIT.

266 2783 331 2836 In
369 2784 624 2853 iaculum,
666 2784 1036 2852 quodcumque
1075 2784 1215 2855 gerit
1223 2828 1237 2854 ⁷
1278 2783 1541 2835 dementia
1578 2786 1766 2836 mutat.

269 2857 531 2910 Omnibus
572 2861 809 2910 armatur
848 2858 1037 2910 rabies,
1098 2858 1204 2910 Pro
1245 2857 1460 2926 cuspide
1499 2857 1627 2909 ferri
